3542 5325
882 663 926 713 tv

368 839 568 911 Germanos,
609 833 750 921 duglas,
788 833 901 899 Gallos
931 855 1047 900 novum
1077 828 1213 897 etodium
1242 822 1359 892 exarsit
1388 821 1435 887 rei

369 949 639 1044 hymnologiam,
680 950 762 1018 adeo
796 950 1000 1019 admirandus
1031 947 1288 1033 incredibilisque
1323 961 1435 1051 corpus

371 1072 411 1152 ad
441 1094 567 1140 omnem
599 1070 816 1136 excellentiam
843 1070 960 1139 sactus.
1023 1070 1136 1157 ltaque
1162 1062 1317 1131 benevole
1342 1081 1436 1125 acce·

370 1198 487 1282 petunt
505 1189 666 1277 copiosam
690 1190 937 1277 supellectilem,
978 1213 1039 1279 qua
1064 1185 1213 1276 expedita
1243 1180 1292 1247 via
1315 1177 1356 1245 ad
1384 1199 1435 1243 aa·
1520 1273 1522 1278 Ι

372 1331 448 1378 crae
486 1308 593 1398 poesis
628 1305 767 1391 indolem
812 1308 991 1375 accuratius
1032 1303 1285 1399 perspiciendam
1323 1305 1435 1386 aperta

373 1449 444 1496 enee
461 1427 636 1494 videbatur.
685 1426 761 1512 Ego
780 1448 856 1492 vero
874 1427 908 1493 in
933 1426 995 1494 hac
1008 1437 1101 1517 parte
1116 1425 1190 1493 mibi
1205 1413 1435 1489 elaborandum

373 1568 446 1616 esec
460 1568 596 1634 aequum
622 1544 772 1623 iudicavi,
804 1555 839 1612 ut
856 1547 1056 1612 Graecorum
1077 1546 1296 1634 syrorumque
1322 1532 1435 1602 carmi-

374 1689 416 1733 na
456 1687 548 1733 sacra
577 1664 608 1729 in
644 1663 729 1730 cultu
763 1687 855 1730 sacro
891 1663 1031 1732 adbibita
1060 1662 1237 1738 fautoribus
1275 1656 1437 1722 offerrem.

374 1786 497 1873 (lopiac
519 1786 737 1869 Armenoaque
770 1765 810 1848 eo
844 1783 971 1849 nomine
1002 1780 1193 1849 omittendos
1216 1784 1311 1868 puto,
1349 1766 1436 1860 quod

373 1923 483 1993 pauca*
507 1900 725 1967 tantummodo
756 1903 898 1967 carmina
927 1925 1038 1968 eorum
1073 1922 1166 1968 sacra
1194 1922 1212 1963 e
1244 1889 1435 1962 membranis

297 2088 304 2100 ,
374 2031 466 2088 eruta
479 2029 568 2087 sunt:
607 2018 724 2116 quippe
744 2034 827 2108 quae
848 2022 884 2116 in
902 2020 1015 2111 priuati
1035 2019 1131 2087 studii
1146 2016 1204 2110 ‚aui
1220 2014 1357 2120 ¹gratiam
1381 2031 1437 2076 ex·

277 2169 281 2180 ·
374 2140 568 2230 scripserunt
593 2119 913 2205 hardu-:linamum
937 2131 1079 2206 amantea
1099 2148 1194 2225 atque
1208 2132 1317 2225 periti.
1369 2127 1439 2194 Ne·

374 2279 438 2347 que
467 2279 549 2352 curn¹
565 2256 700 2321 Graecia
729 2256 855 2343 quidem
879 2258 1033 2348 Syriaque
1059 2256 1157 2324 Music
1184 2257 1253 2344 ipse
1281 2249 1437 2317 rationem

374 2376 494 2443 babere
520 2375 607 2465 potui
639 2375 680 2439 ob
702 2395 813 2442 causas
838 2400 918 2465 quas
951 2399 1061 2443 omnes
1098 2392 1349 2442 commemorare
1372 2388 1434 2432 noo

292 2531 302 2544 =
375 2502 425 2563 eat
460 2514 611 2573 necease3
660 2494 831 2583 praecipue
865 2507 976 2562 tamen·
1002 2494 1082 2562 baec
1116 2503 1203 2571 erat,
1246 2487 1330 2578 quod
1348 2484 1437 2570 ‚ani-

297 2625 300 2634 '
375 2612 775 2705 mumocoupatnmhabui
795 2589 979 2696 maborno,
1004 2616 1030 2687 ai
1053 2637 1116 2683 non
1141 2611 1242 2682 doctis
1262 2618 1367 2676 tamen
1391 2603 1437 2671 la·

376 2732 520 2805 borioaia.

391 2958 398 3047 ⁸,
479 2956 691 3079 Dum'animo
712 2970 928 3057 distrahebas,
960 2999 1032 3044 cum
1054 2977 1117 3043 boo
1148 2973 1222 3041 mihi
1243 2934 1438 3066 probabilius

376 3088 447 3195 tum
469 3086 566 3191 illud¹
586 3089 780 3172 ridebatur,
826 3094 927 3162 adfuit
957 3095 1110 3163 dubitanti
1153 3093 1239 3161 Rei
1257 3117 1276 3160 u
1292 3092 1312 3159 h
1328 3080 1440 3160 oldi

376 3206 643 3277 Vormbaumi
676 3208 812 3278 eruditio
842 3226 939 3302 atque
965 3213 1151 3282 humanitas.
1215 3213 1331 3280 Gravia
1354 3212 1438 3279 enim

377 3337 412 3395 ct
439 3324 551 3397 doctua
589 3329 794 3415 adolescens,
840 3355 860 3399 a
890 3354 954 3421 quo
991 3328 1112 3421 optima
1148 3355 1295 3422 qrracque
1326 3353 1439 3420 exepe-

376 3445 456 3515 ctari
474 3543 477 3547 Ι
494 3457 645 3545 poscunt,
688 3472 799 3543 amore
835 3449 869 3516 in
895 3448 1156 3541 'Hymnologiam
1198 3451 1356 3538 antiquam
1392 3449 1440 3545 in·

376 3564 576 3646 flammatur,
616 3556 693 3638 'cnm
719 3568 751 3638 in
782 3568 953 3637 Thesauro
986 3579 1096 3637 nostro
1127 3571 1255 3669 Graeca
1284 3569 1439 3667 carmina·

376 3678 603 3774 derideraret,
653 3688 722 3777 ipae
764 3688 920 3756 acerrimo
965 3664 1083 3758 studio
1111 3688 1255 3757 la'cunam
1293 3689 1440 3779 explere-

271 3812 289 3839 ·’
351 3812 438 3883 τοι
506 3802 632 3873 Obtulit
658 3805 733 3874 mibi
762 3806 809 3873 rir
833 3805 1016 3897 praeclarus
1038 3808 1238 3875 Graecorum
1265 3807 1439 3893 carminum
1483 3865 1488 3874 ,
1534 3804 1537 3808 ’

377 3916 525 4006 volumen
549 3921 789 4015 diligentissime
811 3936 986 3992 exaratum.
1037 3925 1114 4014 Ego
1139 3925 1269 3995 utillud
1294 3937 1441 4023 augeret,
1537 3909 1539 3915 ¹

377 4047 505 4109 motum
527 4030 631 4109 denuo
650 4030 893 4135 perlustraret(
915 4041 1053 4134 denique
1073 4044 1243 4114 'l'laeaauro
1270 4057 1378 4113 nostro
1403 4044 1441 4110 li·
1510 4127 1513 4140 Ι

376 4154 496 4226 bellum
524 4134 719 4255 adiungeret
750 4152 844 4229 etiarn
873 4173 970 4252 atque
1001 4163 1096 4248 etiam
1131 4165 1295 4253 rogabam«
1363 4163 1440 4231 Non

376 4254 507 4368 negarit
537 4279 780 4348 Vormbaumiua
812 4281 899 4373 quod
926 4291 1108 4376 optaveram
1141 4307 1200 4353 nec
1231 4283 1330 4353 deluit
1357 4284 1443 4374 opti·
