3542 5325
776 586 779 595 ι

659 775 663 788 b

281 826 286 836 ¹
332 859 364 925 l.
414 852 543 927 Versus
562 852 598 923 in
616 851 731 948 vigilis
750 852 960 926 innocentum
981 852 1024 925 ad
1037 852 1290 950 processionem.
1349 877 1364 936 j
1450 957 1456 966 ι

274 987 356 1042 Salve
373 987 489 1040 lacteolo
507 986 662 1059 decerptum
686 987 817 1055 sanguine
843 986 973 1051 festum,⁸
1067 1027 1069 1029 -

273 1073 383 1127 Solvete
400 1077 518 1127 innocus
537 1091 651 1143 corpora
667 1073 727 1125 fuse
745 1073 815 1125 neci.
899 1074 901 1080 ’
1117 1065 1119 1072 ’

274 1160 405 1228 Concinit
423 1177 501 1225 ecce,
519 1158 601 1226 deus,
625 1161 732 1212 tibimet
749 1178 815 1228 grex
831 1160 884 1212 ists
902 1158 1019 1228 pusillus
1102 1189 1104 1196 ·

273 1244 412 1298 Festivom
430 1245 511 1297 laude
528 1245 713 1315 perveniendo
731 1245 815 1297 diem.

275 1333 307 1382 ln
325 1350 377 1399 qun
395 1342 480 1383 morte
497 1327 542 1402 pia
561 1349 705 1400 puerorum
728 1332 845 1382 maxima
866 1331 945 1383 turba

274 1415 385 1484 Occidit
404 1431 430 1470 et
447 1418 544 1470 victrix
561 1435 642 1485 regna
660 1436 776 1486 superna
794 1418 877 1487 capit.

275 1503 344 1554 Nom
362 1504 425 1571 quin
442 1514 578 1556 terrenum
599 1505 695 1555 metuit
712 1499 869 1571 disperdere
887 1521 1007 1571 regnum,

278 1587 380 1656 impius
398 1590 509 1642 immani
526 1607 575 1640 rex
592 1588 699 1644 feritate
719 1590 794 1641 furit·

277 1672 411 1726 Audierat
427 1693 536 1744 regern,
555 1689 635 1741 quern
653 1687 748 1727 cuncta
767 1674 875 1743 oracula
893 1670 995 1726 dudum
1087 1680 1094 1704 ¹

279 1759 458 1828 spondebant
476 1770 582 1824 vatum,
609 1756 713 1827 virgine
730 1771 815 1811 matre
833 1743 930 1810 saturn:

280 1842 406 1896 iudaicae
424 1857 516 1913 gentes
534 1845 577 1897 cui
595 1844 686 1896 debita
705 1865 786 1913 regna
804 1856 953 1909 manerent,
1011 1899 1015 1908 ,

279 1931 393 1999 Hocque
411 1949 503 1997 ningos
521 1930 598 1982 stella
621 1928 862 1983 testificaremur.

279 2018 342 2069 Nec
355 2033 429 2068 mora
447 2011 573 2086 pestifera
592 2016 763 2068 succenditur
777 2014 876 2068 efferus
890 2017 940 2083 irs,

280 2104 354 2154 Dum
373 2103 424 2154 sibi
442 2103 591 2171 praeripier
607 2104 681 2167 regia
698 2103 755 2152 iura
773 2104 860 2154 timet.

281 2190 396 2240 Moxiu
398 2188 475 2240 bet
466 2204 610 2238 innocuam
631 2186 704 2238 forro
723 2200 895 2257 prosternere
913 2186 1032 2288 plebem,
1120 2239 1124 2246 ,

283 2272 408 2325 Destinat
426 2284 506 2339 atque
523 2272 584 2323 neci
601 2289 714 2341 corpora
732 2273 857 2326 lacteola.

283 2358 413 2412 Perderet
432 2370 458 2411 et
475 2357 608 2412 Christum
628 2360 708 2423 dum,
732 2379 811 2412 nemo
827 2359 941 2411 evadere
960 2371 988 2412 et
1004 2345 1094 2432 ipsum

284 2448 358 2498 inter
376 2456 402 2498 et
420 2447 576 2497 innumeros
593 2455 724 2498 sterneret
742 2445 813 2497 hunc
833 2463 942 2513 pueros.
977 2475 980 2479 ·

335 2636 372 2706 2.
408 2629 534 2705 Versus
544 2630 707 2728 Rodpcrti
722 2631 763 2706 ad
775 2597 1088 2709 communicandum.
1122 2644 1179 2712 (ct.
1197 2646 1300 2709 canisii

435 2751 524 2803 Lentu.
542 2748 690 2830 antiq.†ed.
707 2751 830 2819 Basnnge
848 2751 971 2805 Tomll.
990 2750 1067 2822 ped·
1083 2769 1111 2820 p·
1122 2751 1200 2818 200.)

288 2871 412 2934 Laudes,
430 2871 610 2941 omnipotens,

289 2961 410 3011 Ferimus
427 2958 498 3014 tibi,
515 2955 588 3008 donn
606 2955 724 3008 colentes

289 3044 417 3114 Corporis
435 3043 558 3092 immensi

289 3129 434 3197 Sanguinis
453 3137 532 3194 etque
549 3128 598 3178 tui.

291 3267 440 3333 Tangimus
458 3280 520 3315 ecce
537 3272 621 3325 tuam,

292 3355 392 3404 Rector
408 3349 588 3412 sanctissime,
607 3364 737 3414 mensam,

293 3439 339 3490 Tu
356 3436 421 3487 licet
438 3432 555 3502 indignis

293 3523 445 3592 Propitisre
462 3521 526 3570 tuis.

294 3659 445 3727 Propitisre
475 3657 536 3723 pius
551 3619 664 3724 peccota

296 3744 419 3798 Absolve
437 3744 579 3806 benignus,

296 3831 385 3885 Possit
401 3840 431 3880 ut
448 3827 554 3878 invictis
589 3824 698 3891 (Possit.
716 3826 761 3878 Sin
779 3826 912 3880 Canisius.
931 3828 999 3882 Cod.
1018 3831 1146 3884 samur.
1164 3831 1264 3935 prosit)

298 3916 473 3986 Adpropiare
490 3912 582 3965 sacris.
1347 3906 1351 3912 '

300 4053 421 4120 Angelus
436 4044 561 4102 aetheriis
578 4056 686 4098 sanctus

300 4135 456 4192 Descendat
473 4134 507 4185 ab
528 4132 620 4197 nstris,
656 4129 757 4196 (Canis.
776 4131 928 4198 descendit)

302 4222 449 4277 Purificsns
469 4236 565 4286 corpu!

304 4310 358 4366 Cor
374 4309 526 4379 pariterque
544 4305 614 4374 pius.

274 4407 280 4412 -
306 4435 380 4495 Haec
397 4428 530 4480 medicina
548 4435 643 4494 potens
662 4423 729 4476 caeli

306 4520 362 4582 Nos
378 4515 458 4568 ducat
474 4515 503 4564 in
522 4528 605 4575 arces,
