<?xml version="1.0" encoding="UTF-8"?>
<!DOCTYPE html PUBLIC "-//W3C//DTD XHTML 1.0 Transitional//EN"
    "http://www.w3.org/TR/xhtml1/DTD/xhtml1-transitional.dtd">
<html xmlns="http://www.w3.org/1999/xhtml" xml:lang="en" lang="en">
 <head>
  <title>
</title>
<meta http-equiv="Content-Type" content="text/html;charset=utf-8" />
  <meta name='ocr-system' content='tesseract 3.04.00' />
  <meta name='ocr-capabilities' content='ocr_page ocr_carea ocr_par ocr_line ocrx_word'/>
</head>
<body>
  <div class='ocr_page' id='page_1' title='image "./thesaurushymnol03danigoog_0218.png"; bbox 0 0 3542 5325; ppageno 0'>
   <div class='ocr_carea' id='block_1_1' title="bbox 834 621 981 710">
    <p class='ocr_par' dir='ltr' id='par_1_1' title="bbox 834 621 981 710">
     <span class='ocr_line' id='line_1_1' title="bbox 834 621 981 710; baseline -0.041 0"><span class='ocrx_word' id='word_1_1' title='bbox 834 633 929 710; x_wconf 71' lang='lat'><em>120</em></span> <span class='ocrx_word' id='word_1_2' title='bbox 979 621 981 625; x_wconf 61' lang='grc'><strong>’</strong></span> 
     </span>
    </p>
   </div>
   <div class='ocr_carea' id='block_1_2' title="bbox 355 807 1419 1149">
    <p class='ocr_par' dir='ltr' id='par_1_2' title="bbox 471 807 1151 896">
     <span class='ocr_line' id='line_1_2' title="bbox 471 807 1151 896; baseline -0.006 -20"><span class='ocrx_word' id='word_1_3' title='bbox 471 808 519 876; x_wconf 86' lang='grc' dir='ltr'><strong><em>Ἦ</em></strong></span> <span class='ocrx_word' id='word_1_4' title='bbox 535 810 628 876; x_wconf 90' lang='grc' dir='ltr'><em>σάλπι</em></span> <span class='ocrx_word' id='word_1_5' title='bbox 648 814 665 886; x_wconf 74' lang='grc' dir='ltr'><em>ξ</em></span> <span class='ocrx_word' id='word_1_6' title='bbox 687 807 706 893; x_wconf 75' lang='grc' dir='ltr'><strong><em>ἦ</em></strong></span> <span class='ocrx_word' id='word_1_7' title='bbox 728 807 846 896; x_wconf 79' lang='grc' dir='ltr'><em>μεγάλη</em></span> <span class='ocrx_word' id='word_1_8' title='bbox 869 816 927 893; x_wconf 80' lang='grc' dir='ltr'><em>τῆς</em></span> <span class='ocrx_word' id='word_1_9' title='bbox 949 809 1121 893; x_wconf 74' lang='grc' dir='ltr'><strong><em>ἐκκλησίας,</em></strong></span> <span class='ocrx_word' id='word_1_10' title='bbox 1147 829 1151 839; x_wconf 86' lang='grc'><em>·</em></span> 
     </span>
    </p>

    <p class='ocr_par' dir='ltr' id='par_1_3' title="bbox 430 836 1097 980">
     <span class='ocr_line' id='line_1_3' title="bbox 430 836 1097 980; baseline -0.001 -20"><span class='ocrx_word' id='word_1_11' title='bbox 430 893 470 960; x_wconf 86' lang='grc' dir='ltr'><em>Ὃ</em></span> <span class='ocrx_word' id='word_1_12' title='bbox 490 891 602 977; x_wconf 75' lang='grc' dir='ltr'><em>λ’όχνος</em></span> <span class='ocrx_word' id='word_1_13' title='bbox 622 836 648 961; x_wconf 77' lang='grc' dir='ltr'><em>ό</em></span> <span class='ocrx_word' id='word_1_14' title='bbox 661 898 802 980; x_wconf 75' lang='grc' dir='ltr'><em>φωτίζων</em></span> <span class='ocrx_word' id='word_1_15' title='bbox 825 894 882 978; x_wconf 76' lang='grc' dir='ltr'><em>τὴν</em></span> <span class='ocrx_word' id='word_1_16' title='bbox 905 893 1097 978; x_wconf 70' lang='grc' dir='ltr'><strong><em>οἰκουμένην,</em></strong></span> 
     </span>
    </p>

    <p class='ocr_par' dir='ltr' id='par_1_4' title="bbox 355 975 1419 1149">
     <span class='ocr_line' id='line_1_4' title="bbox 355 975 1419 1066; baseline -0.008 -16"><span class='ocrx_word' id='word_1_17' title='bbox 355 984 405 1050; x_wconf 82' lang='lat'><em>¹5.</em></span> <span class='ocrx_word' id='word_1_18' title='bbox 432 979 473 1045; x_wconf 88' lang='lat' dir='ltr'><em>‘O</em></span> <span class='ocrx_word' id='word_1_19' title='bbox 493 984 591 1065; x_wconf 81' lang='grc' dir='ltr'><em>κῆρυξ</em></span> <span class='ocrx_word' id='word_1_20' title='bbox 613 977 629 1045; x_wconf 80' lang='grc' dir='ltr'><strong><em>ὃ</em></strong></span> <span class='ocrx_word' id='word_1_21' title='bbox 652 986 696 1066; x_wconf 81' lang='grc' dir='ltr'><em>τῷ</em></span> <span class='ocrx_word' id='word_1_22' title='bbox 718 976 849 1066; x_wconf 87' lang='grc' dir='ltr'><em>φθόγγῳ</em></span> <span class='ocrx_word' id='word_1_23' title='bbox 864 981 1101 1063; x_wconf 73' lang='grc' dir='ltr'><em>περιλαμβάνων</em></span> <span class='ocrx_word' id='word_1_24' title='bbox 1116 981 1218 1043; x_wconf 85' lang='grc' dir='ltr'><em>πάντα</em></span> <span class='ocrx_word' id='word_1_25' title='bbox 1234 978 1275 1042; x_wconf 81' lang='grc' dir='ltr'><em>τά</em></span> <span class='ocrx_word' id='word_1_26' title='bbox 1287 975 1419 1058; x_wconf 71' lang='grc' dir='ltr'><em>πίραία,</em></span> 
     </span>
     <span class='ocr_line' id='line_1_5' title="bbox 431 1061 1419 1149; baseline -0.002 -20"><span class='ocrx_word' id='word_1_27' title='bbox 431 1062 471 1129; x_wconf 88' lang='lat'><em>‘0</em></span> <span class='ocrx_word' id='word_1_28' title='bbox 490 1063 711 1149; x_wconf 80' lang='grc' dir='ltr'><em>μεγαλώνυμος</em></span> <span class='ocrx_word' id='word_1_29' title='bbox 726 1074 890 1149; x_wconf 77' lang='grc' dir='ltr'><em>συγκροτεῖ</em></span> <span class='ocrx_word' id='word_1_30' title='bbox 901 1065 959 1149; x_wconf 80' lang='grc' dir='ltr'><em>τὴν</em></span> <span class='ocrx_word' id='word_1_31' title='bbox 972 1062 1097 1141; x_wconf 84' lang='grc' dir='ltr'><em>σόναξιν</em></span> <span class='ocrx_word' id='word_1_32' title='bbox 1111 1061 1229 1147; x_wconf 81' lang='grc' dir='ltr'><em>ταύτην</em></span> <span class='ocrx_word' id='word_1_33' title='bbox 1243 1064 1419 1140; x_wconf 85' lang='grc' dir='ltr'><em>Βασίλειος.</em></span> 
     </span>
    </p>
   </div>
   <div class='ocr_carea' id='block_1_3' title="bbox 281 1212 1421 1555">
    <p class='ocr_par' dir='ltr' id='par_1_5' title="bbox 422 1212 1279 1385">
     <span class='ocr_line' id='line_1_6' title="bbox 422 1212 1279 1301; baseline -0.004 -19"><span class='ocrx_word' id='word_1_34' title='bbox 422 1252 428 1272; x_wconf 86' lang='lat'>·</span> <span class='ocrx_word' id='word_1_35' title='bbox 477 1216 640 1301; x_wconf 85' lang='grc' dir='ltr'><em>Λαμπρδς</em></span> <span class='ocrx_word' id='word_1_36' title='bbox 663 1214 724 1280; x_wconf 81' lang='grc' dir='ltr'><em>άπὸ</em></span> <span class='ocrx_word' id='word_1_37' title='bbox 747 1221 803 1281; x_wconf 77' lang='grc' dir='ltr'><em>τοῦ</em></span> <span class='ocrx_word' id='word_1_38' title='bbox 823 1217 895 1297; x_wconf 79' lang='grc' dir='ltr'><em>βίου</em></span> <span class='ocrx_word' id='word_1_39' title='bbox 916 1217 968 1281; x_wconf 78' lang='grc' dir='ltr'><em>καλ</em></span> <span class='ocrx_word' id='word_1_40' title='bbox 990 1220 1054 1280; x_wconf 80' lang='grc' dir='ltr'><em>τῶν</em></span> <span class='ocrx_word' id='word_1_41' title='bbox 1075 1212 1279 1299; x_wconf 80' lang='grc' dir='ltr'><em>πραγμάτων,</em></span> 
     </span>
     <span class='ocr_line' id='line_1_7' title="bbox 437 1297 1229 1385; baseline -0.003 -20"><span class='ocrx_word' id='word_1_42' title='bbox 437 1302 600 1385; x_wconf 82' lang='grc' dir='ltr'><em>Λαμπρδς</em></span> <span class='ocrx_word' id='word_1_43' title='bbox 621 1300 683 1364; x_wconf 82' lang='grc' dir='ltr'><em>άπὸ</em></span> <span class='ocrx_word' id='word_1_44' title='bbox 705 1307 761 1365; x_wconf 77' lang='grc' dir='ltr'><em>τοῦ</em></span> <span class='ocrx_word' id='word_1_45' title='bbox 783 1299 877 1384; x_wconf 90' lang='grc' dir='ltr'><em>λόγου</em></span> <span class='ocrx_word' id='word_1_46' title='bbox 900 1302 950 1364; x_wconf 83' lang='grc' dir='ltr'><em>καί</em></span> <span class='ocrx_word' id='word_1_47' title='bbox 968 1307 1031 1366; x_wconf 84' lang='grc' dir='ltr'><em>τῶν</em></span> <span class='ocrx_word' id='word_1_48' title='bbox 1054 1297 1229 1383; x_wconf 80' lang='grc' dir='ltr'><em>δογμάτων,</em></span> 
     </span>
    </p>

    <p class='ocr_par' dir='ltr' id='par_1_6' title="bbox 281 1381 1421 1555">
     <span class='ocr_line' id='line_1_8' title="bbox 281 1381 1421 1470; baseline -0.002 -20"><span class='ocrx_word' id='word_1_49' title='bbox 281 1418 285 1428; x_wconf 79' lang='lat'>=</span> <span class='ocrx_word' id='word_1_50' title='bbox 370 1385 373 1392; x_wconf 73' lang='grc'><em>’</em></span> <span class='ocrx_word' id='word_1_51' title='bbox 434 1386 488 1450; x_wconf 84' lang='grc' dir='ltr'><em>Ἔν</em></span> <span class='ocrx_word' id='word_1_52' title='bbox 509 1393 603 1450; x_wconf 75' lang='grc' dir='ltr'><em>πᾶσιν</em></span> <span class='ocrx_word' id='word_1_53' title='bbox 626 1382 834 1468; x_wconf 80' lang='grc' dir='ltr'><em>δπερλάμπων</em></span> <span class='ocrx_word' id='word_1_54' title='bbox 856 1381 977 1461; x_wconf 86' lang='grc' dir='ltr'><em>πάντας</em></span> <span class='ocrx_word' id='word_1_55' title='bbox 994 1381 1036 1463; x_wconf 81' lang='grc' dir='ltr'><em>ὡς</em></span> <span class='ocrx_word' id='word_1_56' title='bbox 1052 1384 1164 1462; x_wconf 84' lang='grc' dir='ltr'><em>άλλους</em></span> <span class='ocrx_word' id='word_1_57' title='bbox 1179 1383 1421 1470; x_wconf 76' lang='grc' dir='ltr'><em>άστίραςῆλιος,</em></span> 
     </span>
     <span class='ocr_line' id='line_1_9' title="bbox 352 1466 1281 1555; baseline 0.002 -20"><span class='ocrx_word' id='word_1_58' title='bbox 352 1476 405 1541; x_wconf 73' lang='lat'><em>20.</em></span> <span class='ocrx_word' id='word_1_59' title='bbox 432 1469 473 1536; x_wconf 87' lang='lat' dir='ltr'><em>‘O</em></span> <span class='ocrx_word' id='word_1_60' title='bbox 495 1469 710 1553; x_wconf 80' lang='grc' dir='ltr'><em>πολυόμνιγτος</em></span> <span class='ocrx_word' id='word_1_61' title='bbox 734 1466 888 1553; x_wconf 83' lang='grc' dir='ltr'><em>Θεόλογος</em></span> <span class='ocrx_word' id='word_1_62' title='bbox 911 1468 1046 1555; x_wconf 79' lang='grc' dir='ltr'><em>σήμερον</em></span> <span class='ocrx_word' id='word_1_63' title='bbox 1066 1472 1281 1554; x_wconf 80' lang='grc' dir='ltr'><em>μακαρίζεταε.</em></span> 
     </span>
    </p>
   </div>
   <div class='ocr_carea' id='block_1_4' title="bbox 413 1619 1419 1964">
    <p class='ocr_par' dir='ltr' id='par_1_7' title="bbox 413 1619 1419 1877">
     <span class='ocr_line' id='line_1_10' title="bbox 413 1619 1408 1708; baseline -0.001 -22"><span class='ocrx_word' id='word_1_64' title='bbox 413 1623 423 1644; x_wconf 69' lang='grc'><strong>“</strong></span> <span class='ocrx_word' id='word_1_65' title='bbox 474 1620 559 1686; x_wconf 81' lang='grc' dir='ltr'><em>Ἰδοδ</em></span> <span class='ocrx_word' id='word_1_66' title='bbox 581 1619 617 1685; x_wconf 87' lang='grc' dir='ltr'><em>τδ</em></span> <span class='ocrx_word' id='word_1_67' title='bbox 640 1627 709 1705; x_wconf 77' lang='grc' dir='ltr'><em>φάς</em></span> <span class='ocrx_word' id='word_1_68' title='bbox 730 1628 785 1685; x_wconf 80' lang='grc' dir='ltr'><em>τοῦ</em></span> <span class='ocrx_word' id='word_1_69' title='bbox 807 1619 928 1703; x_wconf 92' lang='grc' dir='ltr'><em>κόσμου</em></span> <span class='ocrx_word' id='word_1_70' title='bbox 949 1628 993 1708; x_wconf 82' lang='grc' dir='ltr'><em>τῷ</em></span> <span class='ocrx_word' id='word_1_71' title='bbox 1015 1619 1124 1708; x_wconf 86' lang='grc' dir='ltr'><em>κόσμῳ</em></span> <span class='ocrx_word' id='word_1_72' title='bbox 1147 1624 1258 1707; x_wconf 87' lang='grc' dir='ltr'><em>φαίνει,</em></span> <span class='ocrx_word' id='word_1_73' title='bbox 1406 1683 1408 1692; x_wconf 89' lang='grc'><em>,</em></span> 
     </span>
     <span class='ocr_line' id='line_1_11' title="bbox 432 1700 1419 1790; baseline -0.002 -20"><span class='ocrx_word' id='word_1_74' title='bbox 432 1707 518 1771; x_wconf 83' lang='grc' dir='ltr'><em>Ἰδοὺ</em></span> <span class='ocrx_word' id='word_1_75' title='bbox 533 1711 589 1789; x_wconf 80' lang='grc' dir='ltr'><em>τῆς</em></span> <span class='ocrx_word' id='word_1_76' title='bbox 601 1712 657 1790; x_wconf 81' lang='grc' dir='ltr'><em>γῆς</em></span> <span class='ocrx_word' id='word_1_77' title='bbox 670 1707 704 1771; x_wconf 81' lang='grc' dir='ltr'><em>τὸ</em></span> <span class='ocrx_word' id='word_1_78' title='bbox 721 1705 798 1782; x_wconf 82' lang='grc' dir='ltr'><em>άλας</em></span> <span class='ocrx_word' id='word_1_79' title='bbox 811 1705 867 1790; x_wconf 76' lang='grc' dir='ltr'><em>τὴν</em></span> <span class='ocrx_word' id='word_1_80' title='bbox 879 1714 936 1789; x_wconf 82' lang='grc' dir='ltr'><em>γῆν</em></span> <span class='ocrx_word' id='word_1_81' title='bbox 949 1706 1070 1789; x_wconf 79' lang='grc' dir='ltr'><em>ι’γδόνει·</em></span> <span class='ocrx_word' id='word_1_82' title='bbox 1095 1709 1163 1771; x_wconf 79' lang='grc' dir='ltr'><em>ίδοδ</em></span> <span class='ocrx_word' id='word_1_83' title='bbox 1176 1708 1212 1771; x_wconf 84' lang='grc' dir='ltr'><em>τδ</em></span> <span class='ocrx_word' id='word_1_84' title='bbox 1225 1709 1308 1790; x_wconf 75' lang='grc' dir='ltr'><em>ζωῆς</em></span> <span class='ocrx_word' id='word_1_85' title='bbox 1320 1700 1419 1786; x_wconf 83' lang='grc' dir='ltr'><em>ξόλον,</em></span> 
     </span>
     <span class='ocr_line' id='line_1_12' title="bbox 433 1789 1345 1877; baseline -0.003 -20"><span class='ocrx_word' id='word_1_86' title='bbox 433 1789 630 1865; x_wconf 78' lang='grc' dir='ltr'><em>Ἀθανασίας</em></span> <span class='ocrx_word' id='word_1_87' title='bbox 650 1793 788 1875; x_wconf 75' lang='grc' dir='ltr'><em>καρποὺς</em></span> <span class='ocrx_word' id='word_1_88' title='bbox 810 1790 1018 1877; x_wconf 70' lang='grc' dir='ltr'><em>προβάλλεται</em></span> <span class='ocrx_word' id='word_1_89' title='bbox 1039 1790 1055 1855; x_wconf 82' lang='grc' dir='ltr'><strong>ὃ</strong></span> <span class='ocrx_word' id='word_1_90' title='bbox 1072 1799 1211 1877; x_wconf 84' lang='grc' dir='ltr'><em>χρυσοῦς</em></span> <span class='ocrx_word' id='word_1_91' title='bbox 1222 1791 1345 1877; x_wconf 68' lang='grc' dir='ltr'><em>Ἄγιος·</em></span> 
     </span>
    </p>

    <p class='ocr_par' dir='ltr' id='par_1_8' title="bbox 442 1874 1188 1964">
     <span class='ocr_line' id='line_1_13' title="bbox 442 1874 1188 1964; baseline 0.003 -23"><span class='ocrx_word' id='word_1_92' title='bbox 442 1876 482 1942; x_wconf 79' lang='grc' dir='ltr'><em>Οἱ</em></span> <span class='ocrx_word' id='word_1_93' title='bbox 502 1881 611 1940; x_wconf 77' lang='grc' dir='ltr'><em>θανεῖν</em></span> <span class='ocrx_word' id='word_1_94' title='bbox 632 1876 677 1958; x_wconf 77' lang='grc' dir='ltr'><em>μὴ</em></span> <span class='ocrx_word' id='word_1_95' title='bbox 698 1877 859 1957; x_wconf 75' lang='grc' dir='ltr'><em>θέλοντες,</em></span> <span class='ocrx_word' id='word_1_96' title='bbox 889 1880 976 1942; x_wconf 85' lang='grc' dir='ltr'><em>δεῦτε</em></span> <span class='ocrx_word' id='word_1_97' title='bbox 998 1874 1188 1964; x_wconf 83' lang='grc' dir='ltr'><em>τρυφήσατε.</em></span> 
     </span>
    </p>
   </div>
   <div class='ocr_carea' id='block_1_5' title="bbox 807 2025 981 2094">
    <p class='ocr_par' dir='ltr' id='par_1_9' title="bbox 807 2025 981 2094">
     <span class='ocr_line' id='line_1_14' title="bbox 807 2025 981 2094; baseline 0.017 -3"><span class='ocrx_word' id='word_1_98' title='bbox 807 2025 981 2094; x_wconf 84' lang='grc' dir='ltr'><em>Θεοτόκιον.</em></span> 
     </span>
    </p>
   </div>
   <div class='ocr_carea' id='block_1_6' title="bbox 355 2125 1419 2553">
    <p class='ocr_par' dir='ltr' id='par_1_10' title="bbox 355 2125 1419 2379">
     <span class='ocr_line' id='line_1_15' title="bbox 355 2125 1419 2216; baseline 0 -23"><span class='ocrx_word' id='word_1_99' title='bbox 355 2135 409 2201; x_wconf 70' lang='lat'><em>25.</em></span> <span class='ocrx_word' id='word_1_100' title='bbox 483 2126 533 2211; x_wconf 82' lang='grc' dir='ltr'><em>[Ὁ</em></span> <span class='ocrx_word' id='word_1_101' title='bbox 554 2125 656 2195; x_wconf 89' lang='grc' dir='ltr'><em>πάντα</em></span> <span class='ocrx_word' id='word_1_102' title='bbox 678 2130 711 2193; x_wconf 77' lang='grc' dir='ltr'><em>ίκ</em></span> <span class='ocrx_word' id='word_1_103' title='bbox 731 2128 775 2211; x_wconf 84' lang='grc' dir='ltr'><em>μὴ</em></span> <span class='ocrx_word' id='word_1_104' title='bbox 792 2126 891 2194; x_wconf 86' lang='grc' dir='ltr'><em>όντων</em></span> <span class='ocrx_word' id='word_1_105' title='bbox 907 2128 983 2195; x_wconf 85' lang='grc' dir='ltr'><em>όντα</em></span> <span class='ocrx_word' id='word_1_106' title='bbox 997 2128 1146 2214; x_wconf 81' lang='grc' dir='ltr'><em>ποιήσας,</em></span> <span class='ocrx_word' id='word_1_107' title='bbox 1169 2131 1219 2194; x_wconf 82' lang='grc' dir='ltr'><em>καλ</em></span> <span class='ocrx_word' id='word_1_108' title='bbox 1237 2125 1333 2216; x_wconf 83' lang='grc' dir='ltr'><em>φάσιν</em></span> <span class='ocrx_word' id='word_1_109' title='bbox 1350 2128 1419 2206; x_wconf 74' lang='grc' dir='ltr'><em>δοὺς</em></span> 
     </span>
     <span class='ocr_line' id='line_1_16' title="bbox 435 2209 1314 2300; baseline 0.001 -22"><span class='ocrx_word' id='word_1_110' title='bbox 435 2209 578 2300; x_wconf 81' lang='grc' dir='ltr'><em>Ἔκάστῳ</em></span> <span class='ocrx_word' id='word_1_111' title='bbox 599 2220 662 2277; x_wconf 83' lang='grc' dir='ltr'><em>τῶν</em></span> <span class='ocrx_word' id='word_1_112' title='bbox 683 2214 870 2297; x_wconf 75' lang='grc' dir='ltr'><em>γενομένων,</em></span> <span class='ocrx_word' id='word_1_113' title='bbox 894 2214 990 2289; x_wconf 78' lang='grc' dir='ltr'><em>οὗτὸς</em></span> <span class='ocrx_word' id='word_1_114' title='bbox 1011 2219 1061 2279; x_wconf 82' lang='grc' dir='ltr'><em>καὶ</em></span> <span class='ocrx_word' id='word_1_115' title='bbox 1084 2216 1141 2292; x_wconf 82' lang='grc' dir='ltr'><em>τὰς</em></span> <span class='ocrx_word' id='word_1_116' title='bbox 1164 2216 1314 2291; x_wconf 72' lang='grc' dir='ltr'><em>δοθείσας</em></span> 
     </span>
     <span class='ocr_line' id='line_1_17' title="bbox 444 2295 1095 2379; baseline 0.005 -18"><span class='ocrx_word' id='word_1_117' title='bbox 444 2295 559 2374; x_wconf 81' lang='grc' dir='ltr'><em>Φόσεις</em></span> <span class='ocrx_word' id='word_1_118' title='bbox 579 2296 719 2378; x_wconf 77' lang='grc' dir='ltr'><em>άμοίβειν</em></span> <span class='ocrx_word' id='word_1_119' title='bbox 741 2295 839 2377; x_wconf 74' lang='grc' dir='ltr'><em>οἶδεν,</em></span> <span class='ocrx_word' id='word_1_120' title='bbox 869 2296 912 2374; x_wconf 78' lang='grc' dir='ltr'><em>ὡς</em></span> <span class='ocrx_word' id='word_1_121' title='bbox 932 2299 1095 2379; x_wconf 80' lang='grc' dir='ltr'><em>βούλεται·</em></span> 
     </span>
    </p>

    <p class='ocr_par' dir='ltr' id='par_1_11' title="bbox 432 2380 1418 2553">
     <span class='ocr_line' id='line_1_18' title="bbox 432 2380 1418 2468; baseline -0.004 -19"><span class='ocrx_word' id='word_1_122' title='bbox 432 2382 534 2449; x_wconf 85' lang='grc' dir='ltr'><em>Ὅθεν</em></span> <span class='ocrx_word' id='word_1_123' title='bbox 562 2380 706 2448; x_wconf 87' lang='grc' dir='ltr'><em>άκοόεται</em></span> <span class='ocrx_word' id='word_1_124' title='bbox 725 2384 786 2447; x_wconf 77' lang='grc' dir='ltr'><em>’καὶ</em></span> <span class='ocrx_word' id='word_1_125' title='bbox 814 2385 972 2468; x_wconf 73' lang='grc' dir='ltr'><em>παρθένος</em></span> <span class='ocrx_word' id='word_1_126' title='bbox 996 2386 1153 2451; x_wconf 85' lang='grc' dir='ltr'><em>τίκτουσα.</em></span> <span class='ocrx_word' id='word_1_127' title='bbox 1200 2386 1258 2461; x_wconf 84' lang='grc' dir='ltr'><em>Τίς</em></span> <span class='ocrx_word' id='word_1_128' title='bbox 1279 2381 1317 2448; x_wconf 80' lang='grc' dir='ltr'><em>οὗ</em></span> <span class='ocrx_word' id='word_1_129' title='bbox 1338 2390 1418 2450; x_wconf 75' lang='grc' dir='ltr'><em>θαυ-</em></span> 
     </span>
     <span class='ocr_line' id='line_1_19' title="bbox 964 2464 1147 2553; baseline 0 -21"><span class='ocrx_word' id='word_1_130' title='bbox 964 2464 1123 2553; x_wconf 66' lang='grc' dir='ltr'><em>μάζεταις]</em></span> <span class='ocrx_word' id='word_1_131' title='bbox 1144 2535 1147 2542; x_wconf 73' lang='grc'><em>,</em></span> 
     </span>
    </p>
   </div>
   <div class='ocr_carea' id='block_1_7' title="bbox 269 2614 1416 2878">
    <p class='ocr_par' dir='ltr' id='par_1_12' title="bbox 269 2614 1416 2878">
     <span class='ocr_line' id='line_1_20' title="bbox 484 2614 1204 2707; baseline 0.003 -23"><span class='ocrx_word' id='word_1_132' title='bbox 484 2620 645 2706; x_wconf 83' lang='grc' dir='ltr'><em>Νοήμογες</em></span> <span class='ocrx_word' id='word_1_133' title='bbox 664 2618 698 2684; x_wconf 74' lang='grc' dir='ltr'><em>ἐκ</em></span> <span class='ocrx_word' id='word_1_134' title='bbox 719 2622 776 2701; x_wconf 79' lang='grc' dir='ltr'><em>τῆς</em></span> <span class='ocrx_word' id='word_1_135' title='bbox 796 2614 882 2684; x_wconf 91' lang='grc' dir='ltr'><em>κάτω</em></span> <span class='ocrx_word' id='word_1_136' title='bbox 904 2622 1018 2707; x_wconf 81' lang='grc' dir='ltr'><em>σοφίας</em></span> <span class='ocrx_word' id='word_1_137' title='bbox 1037 2617 1204 2704; x_wconf 89' lang='grc' dir='ltr'><em>γενόμενοι,</em></span> 
     </span>
     <span class='ocr_line' id='line_1_21' title="bbox 269 2703 1352 2791; baseline 0.001 -21"><span class='ocrx_word' id='word_1_138' title='bbox 269 2720 275 2727; x_wconf 88' lang='grc'><strong>’</strong></span> <span class='ocrx_word' id='word_1_139' title='bbox 357 2710 410 2778; x_wconf 75' lang='grc'><em>30.</em></span> <span class='ocrx_word' id='word_1_140' title='bbox 443 2705 640 2791; x_wconf 77' lang='grc' dir='ltr'><em>Κυβίρνησιν</em></span> <span class='ocrx_word' id='word_1_141' title='bbox 662 2703 779 2781; x_wconf 62' lang='grc' dir='ltr'><em>ἔνδοξοι</em></span> <span class='ocrx_word' id='word_1_142' title='bbox 800 2707 887 2788; x_wconf 81' lang='grc' dir='ltr'><em>παρὰ</em></span> <span class='ocrx_word' id='word_1_143' title='bbox 909 2714 966 2790; x_wconf 81' lang='grc' dir='ltr'><em>τῆς</em></span> <span class='ocrx_word' id='word_1_144' title='bbox 987 2709 1078 2782; x_wconf 88' lang='grc' dir='ltr'><em>θείας</em></span> <span class='ocrx_word' id='word_1_145' title='bbox 1100 2704 1288 2789; x_wconf 75' lang='grc' dir='ltr'><em>ἐκτήσασθε,</em></span> <span class='ocrx_word' id='word_1_146' title='bbox 1349 2738 1352 2743; x_wconf 56' lang='lat'>&gt;</span> 
     </span>
     <span class='ocr_line' id='line_1_22' title="bbox 432 2786 1416 2878; baseline -0.001 -23"><span class='ocrx_word' id='word_1_147' title='bbox 432 2790 534 2856; x_wconf 73' lang='grc' dir='ltr'><em>’Όθεν</em></span> <span class='ocrx_word' id='word_1_148' title='bbox 550 2786 592 2867; x_wconf 82' lang='grc' dir='ltr'><em>ὡς</em></span> <span class='ocrx_word' id='word_1_149' title='bbox 607 2786 802 2874; x_wconf 87' lang='grc' dir='ltr'><em>θεράπαιναν</em></span> <span class='ocrx_word' id='word_1_150' title='bbox 815 2786 932 2874; x_wconf 80' lang='grc' dir='ltr'><em>ταύτην</em></span> <span class='ocrx_word' id='word_1_151' title='bbox 946 2793 1043 2877; x_wconf 75' lang='grc' dir='ltr'><em>ἐκείνῃ</em></span> <span class='ocrx_word' id='word_1_152' title='bbox 1059 2790 1230 2878; x_wconf 88' lang='grc' dir='ltr'><em>πανσόφως</em></span> <span class='ocrx_word' id='word_1_153' title='bbox 1242 2786 1416 2868; x_wconf 77' lang='grc' dir='ltr'><em>δπετάξατε.</em></span> 
     </span>
    </p>
   </div>
   <div class='ocr_carea' id='block_1_8' title="bbox 442 2936 1416 3207">
    <p class='ocr_par' dir='ltr' id='par_1_13' title="bbox 442 2936 1416 3207">
     <span class='ocr_line' id='line_1_23' title="bbox 489 2936 1337 3029; baseline 0.002 -23"><span class='ocrx_word' id='word_1_154' title='bbox 489 2936 664 3025; x_wconf 81' lang='grc' dir='ltr'><em>Φιλόσοφον</em></span> <span class='ocrx_word' id='word_1_155' title='bbox 671 2988 681 3017; x_wconf 89' lang='grc'><em>,</em></span> <span class='ocrx_word' id='word_1_156' title='bbox 705 2940 778 3017; x_wconf 79' lang='grc' dir='ltr'><em>τοὺς</em></span> <span class='ocrx_word' id='word_1_157' title='bbox 802 2942 921 3026; x_wconf 78' lang='grc' dir='ltr'><em>σοφοὺς</em></span> <span class='ocrx_word' id='word_1_158' title='bbox 942 2943 969 3007; x_wconf 84' lang='grc' dir='ltr'><em>εί</em></span> <span class='ocrx_word' id='word_1_159' title='bbox 990 2949 1123 3027; x_wconf 80' lang='grc' dir='ltr'><em>φιλεῖτε,</em></span> <span class='ocrx_word' id='word_1_160' title='bbox 1146 2945 1337 3029; x_wconf 83' lang='grc' dir='ltr'><em>σοφίσθητε,</em></span> 
     </span>
     <span class='ocr_line' id='line_1_24' title="bbox 442 3020 1382 3112; baseline 0 -19"><span class='ocrx_word' id='word_1_161' title='bbox 442 3027 508 3093; x_wconf 80' lang='grc' dir='ltr'><em>Καὶ</em></span> <span class='ocrx_word' id='word_1_162' title='bbox 529 3022 624 3110; x_wconf 84' lang='grc' dir='ltr'><em>λίγειν</em></span> <span class='ocrx_word' id='word_1_163' title='bbox 647 3020 817 3108; x_wconf 87' lang='grc' dir='ltr'><em>διδάχθητε</em></span> <span class='ocrx_word' id='word_1_164' title='bbox 839 3024 953 3102; x_wconf 88' lang='grc' dir='ltr'><em>πάντες</em></span> <span class='ocrx_word' id='word_1_165' title='bbox 974 3028 1003 3092; x_wconf 74' lang='grc' dir='ltr'><em>οἱ</em></span> <span class='ocrx_word' id='word_1_166' title='bbox 1023 3029 1134 3112; x_wconf 85' lang='grc' dir='ltr'><em>λόγους</em></span> <span class='ocrx_word' id='word_1_167' title='bbox 1157 3027 1382 3110; x_wconf 84' lang='grc' dir='ltr'><em>θαυμάζοντες,</em></span> 
     </span>
     <span class='ocr_line' id='line_1_25' title="bbox 443 3107 1416 3207; baseline 0 -31"><span class='ocrx_word' id='word_1_168' title='bbox 443 3107 597 3198; x_wconf 81' lang='grc' dir='ltr'><em>Πράξεως</em></span> <span class='ocrx_word' id='word_1_169' title='bbox 618 3108 776 3207; x_wconf 79' lang='grc' dir='ltr'><em>άκρίβειαν</em></span> <span class='ocrx_word' id='word_1_170' title='bbox 797 3113 848 3175; x_wconf 83' lang='grc' dir='ltr'><em>καί</em></span> <span class='ocrx_word' id='word_1_171' title='bbox 870 3113 1008 3198; x_wconf 86' lang='grc' dir='ltr'><em>θεωρίας</em></span> <span class='ocrx_word' id='word_1_172' title='bbox 1029 3115 1174 3180; x_wconf 72' lang='grc' dir='ltr'><em>ἐντεῦθεν</em></span> <span class='ocrx_word' id='word_1_173' title='bbox 1195 3113 1416 3197; x_wconf 78' lang='grc' dir='ltr'><em>ίξασκοόμενοι.</em></span> 
     </span>
    </p>
   </div>
   <div class='ocr_carea' id='block_1_9' title="bbox 356 3261 1418 3704">
    <p class='ocr_par' dir='ltr' id='par_1_14' title="bbox 356 3261 1418 3704">
     <span class='ocr_line' id='line_1_26' title="bbox 805 3261 980 3332; baseline 0.017 -3"><span class='ocrx_word' id='word_1_174' title='bbox 805 3261 980 3332; x_wconf 86' lang='grc' dir='ltr'><em>Θεοτόκιον.</em></span> 
     </span>
     <span class='ocr_line' id='line_1_27' title="bbox 357 3350 1235 3451; baseline 0.002 -23"><span class='ocrx_word' id='word_1_175' title='bbox 357 3367 411 3434; x_wconf 77' lang='lat'><em>35.</em></span> <span class='ocrx_word' id='word_1_176' title='bbox 480 3361 551 3446; x_wconf 86' lang='grc' dir='ltr'><em>[Ὡς</em></span> <span class='ocrx_word' id='word_1_177' title='bbox 570 3361 689 3445; x_wconf 80' lang='grc' dir='ltr'><em>όφιμος</em></span> <span class='ocrx_word' id='word_1_178' title='bbox 708 3361 798 3439; x_wconf 74' lang='grc' dir='ltr'><em>ὑετὸς</em></span> <span class='ocrx_word' id='word_1_179' title='bbox 816 3365 859 3428; x_wconf 73' lang='grc' dir='ltr'><em>ἐπ’</em></span> <span class='ocrx_word' id='word_1_180' title='bbox 885 3366 1024 3446; x_wconf 75' lang='grc' dir='ltr'><em>ἐσχάτων</em></span> <span class='ocrx_word' id='word_1_181' title='bbox 1046 3365 1063 3430; x_wconf 81' lang='grc' dir='ltr'><em>ὃ</em></span> <span class='ocrx_word' id='word_1_182' title='bbox 1085 3350 1235 3451; x_wconf 79' lang='grc' dir='ltr'><em>πράὶμος,</em></span> 
     </span>
     <span class='ocr_line' id='line_1_28' title="bbox 437 3444 1418 3556; baseline 0.006 -45"><span class='ocrx_word' id='word_1_183' title='bbox 437 3444 583 3513; x_wconf 85' lang='grc' dir='ltr'><em>Ὑδάτων</em></span> <span class='ocrx_word' id='word_1_184' title='bbox 594 3444 749 3511; x_wconf 80' lang='grc' dir='ltr'><em>αίάνωντε</em></span> <span class='ocrx_word' id='word_1_185' title='bbox 762 3449 949 3536; x_wconf 86' lang='grc' dir='ltr'><em>δημιουργὸς</em></span> <span class='ocrx_word' id='word_1_186' title='bbox 964 3453 1007 3526; x_wconf 75' lang='grc' dir='ltr'><em>εἷς</em></span> <span class='ocrx_word' id='word_1_187' title='bbox 1024 3450 1081 3556; x_wconf 64' lang='grc' dir='ltr'><em>τῂν</em></span> <span class='ocrx_word' id='word_1_188' title='bbox 1092 3449 1218 3535; x_wconf 80' lang='grc' dir='ltr'><em>μήτραν</em></span> <span class='ocrx_word' id='word_1_189' title='bbox 1234 3476 1294 3517; x_wconf 89' lang='grc' dir='ltr'><em>σου</em></span> <span class='ocrx_word' id='word_1_190' title='bbox 1308 3449 1418 3530; x_wconf 63' lang='grc' dir='ltr'><em>ἔσταξε,</em></span> 
     </span>
     <span class='ocr_line' id='line_1_29' title="bbox 969 3559 1152 3616; baseline 0.011 -19"><span class='ocrx_word' id='word_1_191' title='bbox 969 3559 1152 3616; x_wconf 90' lang='grc' dir='ltr'><em>παναμωμε,</em></span> 
     </span>
     <span class='ocr_line' id='line_1_30' title="bbox 356 3613 1193 3704; baseline 0.005 -24"><span class='ocrx_word' id='word_1_192' title='bbox 356 3641 358 3649; x_wconf 92' lang='grc'><strong><em>·</em></strong></span> <span class='ocrx_word' id='word_1_193' title='bbox 444 3616 539 3680; x_wconf 79' lang='grc' dir='ltr'><em>Κατὰ</em></span> <span class='ocrx_word' id='word_1_194' title='bbox 558 3615 665 3699; x_wconf 83' lang='grc' dir='ltr'><em>καιρὸν</em></span> <span class='ocrx_word' id='word_1_195' title='bbox 687 3613 861 3700; x_wconf 80' lang='grc' dir='ltr'><em>άναφάχων</em></span> <span class='ocrx_word' id='word_1_196' title='bbox 882 3618 957 3695; x_wconf 85' lang='grc' dir='ltr'><em>τοδς</em></span> <span class='ocrx_word' id='word_1_197' title='bbox 974 3618 1193 3704; x_wconf 75' lang='grc' dir='ltr'><em>ἐκλείποντας]</em></span> 
     </span>
    </p>
   </div>
   <div class='ocr_carea' id='block_1_10' title="bbox 362 3767 1419 4198">
    <p class='ocr_par' dir='ltr' id='par_1_15' title="bbox 362 3767 1419 4198">
     <span class='ocr_line' id='line_1_31' title="bbox 487 3767 1343 3855; baseline 0.006 -23"><span class='ocrx_word' id='word_1_198' title='bbox 487 3768 534 3832; x_wconf 77' lang='grc' dir='ltr'><em>Σὺ</em></span> <span class='ocrx_word' id='word_1_199' title='bbox 554 3768 612 3852; x_wconf 78' lang='grc' dir='ltr'><em>τὴν</em></span> <span class='ocrx_word' id='word_1_200' title='bbox 634 3767 735 3853; x_wconf 76' lang='grc' dir='ltr'><em>πηγὴν</em></span> <span class='ocrx_word' id='word_1_201' title='bbox 756 3774 819 3835; x_wconf 82' lang='grc' dir='ltr'><em>τῶν</em></span> <span class='ocrx_word' id='word_1_202' title='bbox 841 3777 974 3837; x_wconf 79' lang='grc' dir='ltr'><em>σεαυτοῦ</em></span> <span class='ocrx_word' id='word_1_203' title='bbox 992 3770 1197 3854; x_wconf 89' lang='grc' dir='ltr'><em>χαρισμάτων</em></span> <span class='ocrx_word' id='word_1_204' title='bbox 1219 3773 1343 3855; x_wconf 81' lang='grc' dir='ltr'><em>ε’κπιεῖν,</em></span> 
     </span>
     <span class='ocr_line' id='line_1_32' title="bbox 436 3848 1163 3941; baseline 0.004 -24"><span class='ocrx_word' id='word_1_205' title='bbox 436 3851 541 3930; x_wconf 67' lang='grc' dir='ltr'><em>’Όλως</em></span> <span class='ocrx_word' id='word_1_206' title='bbox 561 3848 781 3940; x_wconf 87' lang='grc' dir='ltr'><em>φιλάνθρωπε,</em></span> <span class='ocrx_word' id='word_1_207' title='bbox 805 3853 942 3931; x_wconf 74' lang='grc' dir='ltr'><em>δέδωκας</em></span> <span class='ocrx_word' id='word_1_208' title='bbox 963 3865 1028 3932; x_wconf 79' lang='grc' dir='ltr'><em>τοῖς</em></span> <span class='ocrx_word' id='word_1_209' title='bbox 1040 3853 1163 3941; x_wconf 84' lang='grc' dir='ltr'><em>Ἁγίοις,</em></span> 
     </span>
     <span class='ocr_line' id='line_1_33' title="bbox 362 3936 1419 4025; baseline 0.002 -22"><span class='ocrx_word' id='word_1_210' title='bbox 362 3943 413 4008; x_wconf 76' lang='grc'><em>40.</em></span> <span class='ocrx_word' id='word_1_211' title='bbox 438 3936 692 4005; x_wconf 82' lang='grc' dir='ltr'><em>Ἐλαττωθεῖσαν</em></span> <span class='ocrx_word' id='word_1_212' title='bbox 714 3937 862 4022; x_wconf 77' lang='grc' dir='ltr'><em>οὖδαμῶς</em></span> <span class='ocrx_word' id='word_1_213' title='bbox 883 3947 922 4025; x_wconf 81' lang='grc' dir='ltr'><em>τῇ</em></span> <span class='ocrx_word' id='word_1_214' title='bbox 937 3939 1076 4020; x_wconf 84' lang='grc' dir='ltr'><em>κενώσει,</em></span> <span class='ocrx_word' id='word_1_215' title='bbox 1100 3942 1154 4005; x_wconf 84' lang='grc' dir='ltr'><em>τδν</em></span> <span class='ocrx_word' id='word_1_216' title='bbox 1171 3942 1205 4006; x_wconf 78' lang='grc' dir='ltr'><em>δὲ</em></span> <span class='ocrx_word' id='word_1_217' title='bbox 1218 3938 1337 4025; x_wconf 90' lang='grc' dir='ltr'><em>κόσμον</em></span> <span class='ocrx_word' id='word_1_218' title='bbox 1351 3936 1419 4006; x_wconf 87' lang='grc' dir='ltr'><em>πάν·</em></span> 
     </span>
     <span class='ocr_line' id='line_1_34' title="bbox 966 4022 1226 4108; baseline 0.008 -19"><span class='ocrx_word' id='word_1_219' title='bbox 966 4050 1007 4090; x_wconf 90' lang='grc' dir='ltr'><em>τα</em></span> <span class='ocrx_word' id='word_1_220' title='bbox 1026 4022 1226 4108; x_wconf 78' lang='grc' dir='ltr'><em>μεθύουσαν,</em></span> 
     </span>
     <span class='ocr_line' id='line_1_35' title="bbox 448 4106 1218 4198; baseline 0.008 -27"><span class='ocrx_word' id='word_1_221' title='bbox 448 4112 524 4182; x_wconf 80' lang='grc' dir='ltr'><em>Τοῖς</em></span> <span class='ocrx_word' id='word_1_222' title='bbox 545 4106 577 4171; x_wconf 74' lang='grc' dir='ltr'><em>ἐκ</em></span> <span class='ocrx_word' id='word_1_223' title='bbox 599 4114 656 4193; x_wconf 80' lang='grc' dir='ltr'><em>τῆς</em></span> <span class='ocrx_word' id='word_1_224' title='bbox 676 4110 793 4187; x_wconf 91' lang='grc' dir='ltr'><em>κοιλίας</em></span> <span class='ocrx_word' id='word_1_225' title='bbox 815 4107 919 4174; x_wconf 78' lang='grc' dir='ltr'><em>αῧτῶν</em></span> <span class='ocrx_word' id='word_1_226' title='bbox 940 4112 1038 4187; x_wconf 88' lang='grc' dir='ltr'><em>θείοις</em></span> <span class='ocrx_word' id='word_1_227' title='bbox 1059 4109 1218 4198; x_wconf 81' lang='grc' dir='ltr'><em>ρεόμαοιν.</em></span> 
     </span>
    </p>
   </div>
   <div class='ocr_carea' id='block_1_11' title="bbox 490 4257 1456 4431">
    <p class='ocr_par' dir='ltr' id='par_1_16' title="bbox 490 4257 1456 4431">
     <span class='ocr_line' id='line_1_36' title="bbox 490 4257 1456 4374; baseline 0.007 -52"><span class='ocrx_word' id='word_1_228' title='bbox 490 4259 535 4322; x_wconf 92' lang='grc' dir='ltr'><em>Τί</em></span> <span class='ocrx_word' id='word_1_229' title='bbox 557 4284 612 4341; x_wconf 90' lang='grc' dir='ltr'><em>μοι</em></span> <span class='ocrx_word' id='word_1_230' title='bbox 637 4257 771 4346; x_wconf 77' lang='grc' dir='ltr'><em>χρυσόςς</em></span> <span class='ocrx_word' id='word_1_231' title='bbox 808 4262 841 4327; x_wconf 90' lang='grc' dir='ltr'><em>τί</em></span> <span class='ocrx_word' id='word_1_232' title='bbox 863 4287 918 4344; x_wconf 90' lang='grc' dir='ltr'><em>μοι</em></span> <span class='ocrx_word' id='word_1_233' title='bbox 949 4268 1084 4374; x_wconf 75' lang='grc' dir='ltr'><em>πλοῦτος</em></span> <span class='ocrx_word' id='word_1_234' title='bbox 1113 4264 1165 4328; x_wconf 84' lang='grc' dir='ltr'><em>καὶ</em></span> <span class='ocrx_word' id='word_1_235' title='bbox 1193 4261 1270 4340; x_wconf 81' lang='grc' dir='ltr'><em>δόξα</em></span> <span class='ocrx_word' id='word_1_236' title='bbox 1297 4267 1348 4330; x_wconf 79' lang='grc' dir='ltr'><em>καὶ</em></span> <span class='ocrx_word' id='word_1_237' title='bbox 1370 4265 1421 4329; x_wconf 67' lang='grc' dir='ltr'><em>δον</em></span> <span class='ocrx_word' id='word_1_238' title='bbox 1453 4258 1456 4263; x_wconf 56' lang='grc'><strong>’</strong></span> 
     </span>
     <span class='ocr_line' id='line_1_37' title="bbox 968 4372 1115 4431; baseline -0.014 -18"><span class='ocrx_word' id='word_1_239' title='bbox 968 4372 1115 4431; x_wconf 71' lang='grc' dir='ltr'><em>ναστειας</em></span> 
     </span>
    </p>
   </div>
   <div class='ocr_carea' id='block_1_12' title="bbox 450 4427 1284 4519">
    <p class='ocr_par' dir='ltr' id='par_1_17' title="bbox 450 4427 1284 4519">
     <span class='ocr_line' id='line_1_38' title="bbox 450 4427 1284 4519; baseline 0.007 -27"><span class='ocrx_word' id='word_1_240' title='bbox 450 4428 576 4497; x_wconf 66' lang='lat' dir='ltr'><em>Kanna</em></span> <span class='ocrx_word' id='word_1_241' title='bbox 596 4427 782 4516; x_wconf 74' lang='grc' dir='ltr'><em>διερῥίοντες</em></span> <span class='ocrx_word' id='word_1_242' title='bbox 805 4434 848 4509; x_wconf 80' lang='grc' dir='ltr'><em>εἰς</em></span> <span class='ocrx_word' id='word_1_243' title='bbox 869 4429 956 4519; x_wconf 79' lang='grc' dir='ltr'><em>άίρα.</em></span> <span class='ocrx_word' id='word_1_244' title='bbox 1000 4429 1116 4499; x_wconf 88' lang='grc' dir='ltr'><em>Πάντα</em></span> <span class='ocrx_word' id='word_1_245' title='bbox 1137 4431 1284 4515; x_wconf 75' lang='grc' dir='ltr'><em>οἰχέσθω,</em></span> 
     </span>
    </p>
   </div>
   <div class='ocr_carea' id='block_1_13' title="bbox 0 0 1779 5325">
    <p class='ocr_par' dir='ltr' id='par_1_18' title="bbox 0 0 1779 5325">
     <span class='ocr_line' id='line_1_39' title="bbox 0 0 1779 5325; baseline 0 0"><span class='ocrx_word' id='word_1_246' title='bbox 0 0 1779 5325; x_wconf 95' lang='lat' dir='ltr'><em> </em></span> 
     </span>
    </p>
   </div>
  </div>
 </body>
</html>
