3542 5325
828 664 890 714 Vl!

271 889 279 894 .
325 845 392 911 art,
434 830 554 898 welche
586 830 666 897 nach
696 832 798 909 einem
824 834 955 897 Wiener
979 833 1131 931 Codex
1123 861 1163 903 rm
1180 838 1293 928 Thes.
1314 840 1386 929 Hy-

255 3786 261 3825 1

325 951 399 1017 mol.
431 950 526 1039 Tum
550 949 598 1015 ll.
624 974 675 1039 p.
677 953 756 1018 272
769 918 981 1062 mitgetlneilt
1014 925 1113 1021 wird.
1129 950 1198 1043 *);
1232 956 1388 1062 Weniger

244 1101 247 1108 ·
324 1069 453 1157 wichtig
477 1070 517 1139 ist
539 1068 638 1134 der
629 1070 659 1158 ui
683 1070 740 1133 niel
764 1051 918 1180 spaterer.
928 1072 1001 1162 Zeit
998 1068 1270 1165 geschuebene
1276 1075 1387 1185 aweite

324 1187 438 1255 Codex
456 1159 591 1263 (Tlreol.
607 1190 685 1256 ind.
695 1169 824 1253 N‘265
842 1190 1127 1277 apudnosB..),2
1145 1173 1218 1300 der
1239 1187 1390 1307 dielne‘

322 1309 381 1375 der
408 1309 466 1373 der
497 1280 689 1371 Prudentius
721 1308 783 1370 und
817 1308 965 1374 Sedolios
1004 1291 1280 1406 ausgenommcn
1326 1336 1385 1378 narr

322 1426 432 1494 solclre
447 1425 607 1491 Gedichte
623 1426 763 1521 e'ntlrdlt,
788 1426 898 1491 deren
906 1428 1099 1558 lrirclrl‘nclier
1106 1430 1281 1495 Gobdioclr
1296 1431 1390 1500 nicht-

244 1571 252 1580 “
320 1545 537 1611 nachweisbar
560 1546 609 1609 ist
637 1576 683 1592 ν·-

428 1768 495 1832 lam
525 1788 599 1831 vero
625 1764 784 1838 tendimus
808 1766 846 1831 ad
873 1781 998 1832 metam.
1058 1768 1094 1831 ld
1119 1791 1211 1833 onum
1234 1780 1384 1857 repeten-

319 1886 393 1952 dum
424 1886 546 1950 ridetur
578 1884 663 1971 quod
702 1884 817 1949 abhinc
855 1886 993 1972 quinque
1025 1888 1113 1951 annis
1144 1888 1250 1951 Tomo
1281 1890 1383 1975 primo

319 2005 452 2095 praelati
474 2026 589 2068 sumus.
652 2004 747 2069 Ferit
772 2004 861 2068 Deus
884 2015 918 2069 ut
942 2004 1103 2093 hocopus
1124 2018 1264 2070 nostrum
1288 2005 1383 2073 cedat

319 2103 349 2188 in
382 2145 457 2187 osus
490 2123 644 2187 ecclesiae
665 2122 883 2200 Christianae,
923 2137 958 2188 ut
976 2123 1022 2187 rei
1051 2124 1294 2211 hymnologicae
1317 2137 1381 2191 stu-

319 2243 404 2308 dium
435 2239 603 2306 dulcedine
630 2264 685 2305 sua
715 2252 746 2306 et
771 2243 925 2307 suavitate
949 2242 1085 2311 omnium
1109 2243 1229 2317 animos
1252 2243 1380 2331 perlon-

318 2361 373 2427 dat
403 2373 436 2428 et
467 2361 661 2449 copiosiores
693 2349 813 2424 fructus
837 2361 1020 2447 progignat.
1095 2361 1241 2448 Inprimis
1265 2363 1380 2429 Prote·
1409 2399 1411 2408 ·
1515 2358 1528 2386 ’

317 2480 471 2546 stantibus
494 2479 750 2543 commendamus
780 2478 865 2565 quod
887 2478 1089 2544 commendat
1120 2480 1219 2544 Vetus
1245 2470 1384 2567 Agerida-

317 2595 460 2665 Ducatus
486 2597 700 2662 Pomeraniae
731 2620 814 2662 anno
838 2598 929 2660 1568
958 2597 1063 2663 edita:
1102 2598 1139 2662 ln
1170 2597 1290 2664 Sleden
1321 2599 1379 2666 dar

316 2717 455 2782 Scholen
476 2718 553 2793 sint,
574 2717 703 2781 schdlen
726 2717 767 2779 de
789 2717 940 2780 Pastores
969 2716 1024 2780 mit
1051 2715 1123 2780 alite
1147 2716 1205 2781 dar
1226 2740 1267 2805 up
1292 2742 1378 2797 seen,

316 2834 369 2900 dat
403 2806 571 2901 de'otden
602 2834 815 2907 Christliken,
856 2833 1030 2907 herrlilren,
1074 2835 1279 2900 Latinisclnen
1312 2840 1376 2902 Ge-

316 2977 435 3045 senge,
479 2953 642 3021 sunderlik
669 2955 862 3045 Sequentien
892 2951 976 3017 unde
1001 2953 1219 3045 Responsoria
1251 2957 1378 3022 alseio

315 3067 494 3150 Paschate,
523 3074 732 3146 Ascensione,
767 3069 977 3146 Pentecoste,
1010 3071 1191 3150 Trinitatis,
1221 3072 1378 3140 Purifioa·
1466 3065 1469 3069 ¹

313 3190 423 3267 tionis,
448 3190 703 3257 Annunciationis
727 3190 863 3264 Mariae,
890 3186 1051 3253 debeata
1075 3189 1226 3275 Virgine,
1249 3191 1290 3257 de
1306 3193 1379 3259 Ma·
1437 3184 1439 3191 ι

243 3296 250 3315 ’
313 3310 360 3375 ria
394 3309 606 3397 Magdalena‚
638 3310 679 3375 de
708 3307 933 3374 Decollatione
961 3308 1108 3384 loannis,
1141 3309 1182 3373 de
1209 3311 1393 3398 Apostolis,

265 3415 268 3421 ¹
313 3430 355 3509 de
373 3427 607 3515 Evangelistis,
642 3427 683 3492 de
707 3427 929 3516 Martyribus,¹
946 3425 987 3491 de
1010 3427 1077 3492 rein
1101 3425 1183 3491 unde
1205 3429 1376 3495 christlick

346 3711 378 3776 ¹⁸)
404 3714 498 3764 Paucis
519 3713 635 3780 aperiam
656 3727 741 3761 meam
766 3707 799 3758 de
817 3707 963 3774 origineet
982 3707 1068 3778 patria
1086 3709 1187 3760 codicis
1206 3715 1375 3764 sententiam.
1441 3710 1446 3732 ¹

380 3796 610 3850 Commemoratur
632 3796 660 3844 in
682 3795 816 3844 carmine=
856 3793 947 3842 Audi
975 3793 1080 3844 iudex
1109 3806 1320 3847 mortuorum
1346 3818 1374 3867 p.
1478 3847 1483 3854 ,

368 3880 432 3934 ’286
455 3882 599 3932 Adalricus
619 3881 713 3940 Pater,
746 3878 841 3947 procul
861 3877 945 3929 dubio
967 3889 996 3927 ut
1024 3890 1152 3948 patronus
1175 3882 1217 3930 vel
1240 3881 1375 3935 Ecclesiae

381 3970 494 4023 Sanetus
510 3967 649 4017 'l'itularic
693 3965 838 4016 Adalrious
858 3975 947 4013 autem
969 3981 1028 4013 cum
1052 3965 1132 4013 sociis
1154 3968 1276 4034 martyrii
1294 3985 1375 4018 coro·
1448 4010 1457 4033 ,¹

381 4073 442 4104 nam
460 4055 562 4121 accepit
577 4071 592 4102 a
607 4051 767 4102 Normannis
786 4068 856 4101 anno
871 4049 940 4101 888:
966 4066 1064 4098 nomen
1083 4051 1140 4098 eius
1157 4051 1315 4119 inscriptum
1335 4064 1374 4104 est

379 4137 539 4190 calendariis
559 4138 612 4190 Ger
599 4139 718 4190 rmaniae
737 4138 871 4189 inferioris
897 4145 924 4186 et
944 4132 1006 4182 libr
997 4148 1021 4182 ro
1041 4133 1124 4182 Batav
1108 4152 1173 4183 voru
1158 4155 1201 4185 um
1226 4147 1253 4187 et
1273 4138 1294 4185 B
1297 4137 1374 4204 elga,-

380 4223 496 4274 rumdie
515 4223 592 4275 xxi.
610 4224 689 4275 Maiis
731 4225 759 4274 ln
779 4225 820 4274 his
836 4220 1001 4292 provinciis,
1020 4223 1048 4266 ut
1064 4219 1128 4268 milri
1147 4221 1260 4284 ridetur,
1279 4220 1373 4278 Codex

279 4337 281 4340 ·
377 4311 491 4378 scriptus
508 4321 556 4360 est
