3542 5325
682 581 916 730 fle,
981 575 1025 685 s

477 771 581 867 (555⁹
563 825 646 867 εστιν
666 799 740 877 όλσς
755 800 792 866 έν
812 797 974 884 βροτοῒς“
960 826 978 863 ο
1000 798 1040 865 τὸ
1061 796 1191 882 ἄθεσμα
1212 795 1336 886 πρόξιις
1399 772 1402 785 ¹

439 892 469 951 Γ
467 889 609 970 εννηθεις
627 888 659 952 ἓν
678 892 723 972 τῶ
744 885 869 975 βίφμὸ
871 910 948 970 σαερ
970 885 1088 970 έγῶ,α
1068 883 1187 972 ἀγαθή.

352 977 405 1041 30.
431 973 567 1055 Ἀσελγεί
565 996 603 1046 ας
624 950 740 1036 ὸεινῶν.
845 982 853 995 “

442 1057 488 1121 Τὸ
510 1058 569 1143 γὰρ
592 1061 679 1121 θεῖον
691 1053 864 1166 βόπτισμα
883 1001 1032 1186 έμόλυνὸ.

480 1211 536 1284 Ek
556 1207 644 1283 τέλος
665 1205 794 1312 έφθασα
815 1213 935 1290 κακῶν,
940 1206 1093 1293 παναγία
1114 1206 1267 1290 παρθένε

363 1359 366 1366 ,
441 1294 488 1357 Σὸ
508 1293 674 1375 βοήθησον
697 1290 791 1372 τόχει,

378 1378 599 1459 Οὐρανὸς
604 1379 663 1461 γὸρ
685 1378 736 1440 καὶ
755 1374 779 1484 5
801 1382 839 1459 γῆ
862 1382 1042 1485 κατηβσῶσι
1064 1382 1191 1460 πικρῶς,

355 1467 408 1533 35.
442 1470 516 1527 Τῶν
537 1462 681 1548 ἀμέτρων
702 1460 842 1547 πράξεων
864 1461 904 1524 τίλ
925 1460 1038 1525 ἷίτσπα

476 1613 626 1724 Ὁβίος
625 1637 685 1696 μου
707 1612 844 1706 ιίσωτσς,
868 1641 889 1695 η
907 1607 995 1694 ψυχη
1009 1636 1078 1716 μου
1100 1608 1271 1697 ῥυπαρά.

442 1702 505 1765 Καὶ
526 1727 547 1783 η
569 1701 629 1783 ζωὴ
653 1693 843 1776 πανόθλιος,
866 1698 901 1761 τὸ
923 1699 957 1761 ὸε
979 1704 1070 1778 σῶμα
1090 1722 1153 1779 μου
1174 1698 1247 1763 όλσν

364 1849 368 1853 .
435 1785 490 1850 Ἔν
511 1793 577 1859 τοῖς
598 1794 704 1858 κακοῖς
725 1786 832 1858 δεινῶς
852 1785 1080 1848 κατεσπίλωσα.
1344 1783 1347 1788 ’

442 1870 503 1933 Διὸ
526 1875 675 1948 σπεῦσον,
699 1868 853 1953 παρθένε,
877 1869 928 1930 καὶ
949 1862 1062 1949 βοήθει
1083 1892 1147 1949 μοι.
1233 1880 1240 1901 ¹
1365 1897 1367 1906 ·

358 2027 408 2089 40.
486 2021 533 2085 Τὸ
554 2020 642 2094 τέλος
664 2019 810 2104 ἐφέστηκε
831 2021 882 2083 καὶ
905 2018 941 2083 05
965 2018 1078 2125 φέρω,
1090 2015 1234 2103 ἀγαθή,
1267 2075 1269 2080 .

443 2105 490 2169 Τὸ
513 2106 650 2180 συνειδὸς
671 2104 791 2213 ἐλέγχει
801 2129 858 2185 με,
882 2110 1033 2211 παριστᾶ
1039 2100 1098 2211 5¹55
1121 2128 1186 2186 μοι,
1311 2162 1314 2170 ,
1350 2145 1352 2152 =

441 2187 578 2278 Πρόξεις
598 2190 655 2266 τὸς
676 2188 814 2272 πονηρὸς
834 2190 885 2253 καὶ
906 2191 978 2297 βίου
999 2187 1035 2252 τὸ
1058 2187 1213 2253 ἄστατον·

440 2277 504 2341 Καὶ
526 2276 561 2340 τὸ
581 2279 671 2399 βῆμα
691 2280 846 2357 πτοοῦμαι
867 2280 923 2338 τοῦ
942 2272 1012 2338 υισῶ
1034 2297 1110 2352 σου,
1133 2269 1221 2358 ιλγνή.

485 2424 608 2510 Σαρκὸς
627 2449 690 2507 μου
696 2423 769 2530 τὴν
789 2422 931 2504 πήρωσιν
951 2423 1092 2532 ποταμὸς

271 2531 279 2540 “
358 2519 409 2582 45
436 2509 554 2577 ‘0505
576 2509 654 2595 παρὸ
658 2535 673 2586 ς
694 2506 710 2573 5
734 2510 891 2619 φοβερὸς
888 2510 939 2572 καλ
962 2506 1115 2615 ἄσβεστος
1135 2509 1316 2594 ἀναμένει,

440 2594 666 2707 Πανρὶχραντε,
690 2593 821 2701 ιλληθῶς
841 2594 892 2657 καλ
915 2589 1037 2677 σκώληξ
1058 2592 1138 2679 όκοί
1125 2621 1235 2680 μητσς.

439 2681 534 2773 Ἀλλὰ
556 2681 651 2768 ριίσαί
668 2705 708 2762 με
728 2677 849 2744 τοότων
870 2687 940 2755 ταῖς
960 2682 1136 2765 πρεσβείαις
1156 2706 1224 2748 σσιι.

488 2837 553 2898 Συν
573 2829 680 2937 τρόμῳ
702 2831 868 2912 συνέχομαι
889 2832 941 2895 καλ
957 2838 1131 2916 πτοοῦμαι,
1155 2832 1273 2920 ἀγαθή,

446 2924 513 2983 Τοῦ
533 2922 670 3002 πονηροῦ
690 2941 730 2980 τα
715 2913 816 2981 ’ίνεό
797 2920 867 3001 όριι
1454 2956 1458 2966 .

359 3009 411 3072 50.
443 3002 515 3090 Πρὸ
537 3007 593 3067 τοῦ
615 2993 730 3077 τέλους
741 3001 802 3088 γὰρ
824 3003 917 3088 τρίζει
935 3026 990 3084 μοι
1011 2997 1028 3067 5
1051 3001 1190 3088 φθορεὺς
1213 3000 1345 3080 ὸὸόντας
1365 3014 1422 3113 55-

438 3173 496 3252 Ὡς
514 3166 751 3255 αίχμόλωτονν
735 3196 811 3236 οντα
832 3173 883 3235 καὶ
905 3170 1021 3254 γυμνὸν
989 3088 1203 3257 55555355,

481 3302 764 3397 Ἓπταπλοίσιον
729 3331 786 3390 την
808 3304 910 3391 φλόγα
929 3331 985 3388 μοι
1006 3306 1195 3384 ἐξέκαυσε
1160 3333 1217 3392 την
1231 3273 1294 3375 τῶν
1308 3316 1422 3377 παθῶν

363 3538 367 3547 ,
381 3472 528 3551 ΗΤαῖς
546 3473 696 3554 μοιχείαις
716 3473 751 3538 ὸὲ
771 3478 828 3557 τῆς
848 3472 1015 3579 καρὸίας“
999 3388 1238 3556 όλὸνδθλόόόιτσΐ,

439 3559 519 3624 Ἀλλ’
543 3556 695 3642 όρὸευσσν
716 3555 853 3644 ρείθρσις
874 3564 937 3667 τῶν
959 3559 1041 3638 ίμῶν
1063 3559 1216 3644 όακρόων,

360 3651 412 3713 55.
446 3648 559 3727 Μῇτερ
581 3648 638 3707 τοῦ
662 3642 759 3723 Θεοῦ,
789 3645 840 3708 καί
860 3642 907 3726 μὴ
929 3640 1041 3730 όιπῶση
1060 3669 1110 3765 με.

487 3777 739 3888 Συμπνιηόμενον
759 3785 802 3842 τῶ
823 3775 938 3866 βόθρῳ
958 3785 1021 3843 τῶν
1041 3778 1244 3863 πταισμάτων
1264 3807 1337 3891 μου,

444 3860 505 3948 Μή
527 3889 566 3946 με
588 3860 699 3950 έόσης,
722 3843 885 3942 δέσποινα,
909 3843 1015 3929 καί
980 3888 1039 3950 γαρ
1059 3865 1183 3974 βλέπων
1202 3890 1241 3948 με
1262 3868 1423 3953 ἀπογνῶν-

439 4030 578 4141 Ἀγαθῆ,
600 4030 707 4140 γελῶι
694 4058 711 4096 ο
734 4058 776 4095 πα
776 4029 937 4116 ιιιπόιηρος
954 3971 1077 4140 ἔχθρόὲ
1098 3976 1185 4035 W,

440 4115 535 4181 Ἀλλὸι
556 4116 639 4225 αὕτη
660 4143 716 4184 σου
737 4124 870 4207 κραταιᾷ
889 4116 1007 4202 χειρὸ’
989 4117 1176 4225 ανόστησον.
1264 4198 1266 4203 ,

253 4238 256 4251 ’
360 4257 413 4321 60.
491 4253 632 4348 Φσβερὸν
652 4255 710 4335 μὲν
731 4253 768 4319 τὸ
789 4247 963 4341 κριτήριον,
985 4255 1161 4404 ταλαίπωρε
1181 4255 1268 4341 ψυχή
1288 4283 1351 4340 μου
1370 4263 1423 4326 καλ

1037 4337 1076 4404 όν
1076 4343 1278 4449 σίσθητε,··

445 4419 547 4536 Ka5‘
530 4450 550 4504 5
573 4417 700 4499 κόλασις
719 4417 922 4506 ἀτελεότητός
940 4446 975 4489 τε
995 4425 1046 4489 καὶ
1069 4422 1192 4511 φρικεή.
1286 4474 1289 4480 .
