3542 5325
475 793 515 860 ‘O
535 803 593 879 τῆς
612 795 778 873 Ιπιπνοίας
787 796 951 879 μετασχὼν
971 802 1028 879 τῆς
1049 796 1122 878 άμεί
1121 822 1163 862 νω
1177 796 1278 878 Ἀδάμ
1300 794 1416 879 χοϊκός,

354 884 407 948 30.
438 882 503 943 Καὶ
525 881 602 962 πρὸς
623 882 750 990 φθορὰν
771 880 1006 963 κατολισθῆσας
1026 882 1218 972 γυναικείρ’
1203 908 1260 946 απτ
1269 908 1318 968 τη

432 966 577 1073 Χριστὸν
598 966 741 1075 ηυναικὸς
760 968 875 1056 βσᾷὲξ
876 973 973 1049 ορῶν·

432 1045 530 1113 ’0οί
555 1052 607 1132 ἔμε
628 1075 687 1142 κατ
718 1052 732 1114 ί
732 1032 938 1135 μίγεγονως,
968 1047 1102 1135 {6166
1120 1053 1213 1138 κόριε.

479 1195 675 1287 Σόμμορφος
704 1203 833 1286 πηλίνης
854 1202 996 1277 εότελοῦς
1018 1203 1174 1310 ῆιαρτίας,
1201 1205 1338 1290 Χριστε,
1369 1229 1420 1289 γε·

437 1370 501 1431 Καὶ
520 1376 636 1478 μετοχῇ
660 1370 792 1453 σαρκὸς
788 1374 852 1454 τῆς
868 1286 1135 1478 621966666064
1156 1372 1247 1449 θείας
1266 1369 1397 1522 φότλης,

352 1454 405 1519 35.
438 1454 558 1562 B9ot6g
579 1435 722 1561 πεφυκὼς
742 1457 793 1519 και
813 1456 921 1561 μείνας
946 1453 1035 1535 Θεός,
1090 1517 1093 1522 .

436 1538 540 1601 Καὶ’
524 1538 697 1621 ανυφιόσας
707 1535 755 1605 τό
776 1532 906 1626 κόρος
889 1546 996 1623 ημῶν,
1025 1505 1157 1624 άγιος
1131 1566 1154 1604 ει
1177 1536 1272 1627 κόριε.

479 1693 626 1772 Βηθλεέμ
648 1688 873 1800 εόφραίυου,
856 1691 951 1776 ηγεμό
953 1675 1014 1759 νων
1033 1689 1137 1758 Ἰυόόα
1157 1694 1317 1775 βασίλεια·

440 1777 505 1837 Τὸν
521 1776 702 1880 Ἰσραὴλ
668 1802 757 1884 ηαρ
749 1773 766 1840 6
789 1777 971 1857 ποιμαίνων,

439 1857 638 1943 Χερουβὶμί
625 1885 641 1923 ο
664 1860 708 1924 ἐπ’
732 1886 836 1941 ωμων,

352 1943 422 2007 40.
433 1940 485 2006 Ἐκ
509 1950 567 2008 σοῦ
588 1946 753 2051 προελθὼν
771 1943 913 2048 Χριστὸς
934 1911 1081 2030 ἐμφανῶς

437 2026 540 2088 Καὶ’
524 2025 694 2109 ονυψιόσας
715 2029 751 2094 τὸ
775 2024 902 2115 κόραςι
885 2036 986 2111 ημῶν,

437 2108 612 2177 Πάντωνὲ
598 2115 785 2194 ἐβασίλευσε.

475 2260 607 2345 Ράβδος
629 2266 661 2329 Ικ
683 2271 739 2345 τῆς
761 2265 844 2351 ῥίζης
860 2264 988 2346 Ἰεσσαί,

435 2349 500 2411 Καὶ
522 2349 621 2423 άνθος
643 2350 733 2424 ἐξ
682 2357 808 2458 αυτῆς,
834 2350 965 2457 Χριστί,

294 2475 299 2484 -
353 2433 405 2499 45.
430 2432 486 2496 Ἐκ
507 2440 562 2539 τῆς
584 2433 743 2539 παρθένου
765 2434 1013 2581 άνεβλόστφσας,
1081 2491 1086 2506 x

432 2515 523 2593 '’'6'5
506 2543 599 2604 ορους
621 2516 637 2583 6
661 2518 780 2595 αίνετὸς
801 2521 936 2584 κατοσκί
934 2544 987 2598 ου,
1018 2519 1132 2595 δασέος
1150 2512 1290 2603 ἦλθες,

436 2602 621 2709 Σαρκωθεις
642 2604 673 2680 ἐξ
677 2599 918 2712 άπειράνόρρυ,
948 2600 965 2669 ὁ
988 2601 1083 2681 άῧλος
1104 2607 1155 2671 καὶ
1181 2601 1297 2684 Θεός,Ι

437 2685 527 2764 Δόξα
549 2697 587 2775 τῇ
611 2686 738 2771 δυνάμει
759 2713 816 2755 σου
838 2686 932 2773 κόριε.

291 2890 294 2895 ,
471 2819 532 2887 Ὃν
553 2820 649 2888 πάλαι
670 2832 812 2909 προείπεν
824 2823 958 2907 Ἰακωβ
961 2826 1063 2889 ἐθνῶν
1102 2858 1104 2863 ’

352 2907 405 2972 50.
432 2903 636 3014 Ἀπεκδοχῆν,
657 2909 793 2991 Χριστί,
818 2908 918 2994 φυλῆς
933 2899 1045 2972 Ἰοόδα
1068 2908 1263 2988 ἔξαιίτειλας,

297 3038 302 3047 .
437 2993 501 3054 Καὶ
523 2989 653 3073 δύναμιν
674 2994 866 3075 Δαμασκοῦ,
898 2995 1095 3103 Σαμαρείας
1099 2992 1197 3059 σκῦλά
1217 3019 1248 3058 τε
1269 2987 1369 3078 ἦλθες

437 3075 679 3158 Προνομεόσας,
710 3076 829 3160 πλάνην
853 3078 970 3185 τρόπων
993 3080 1036 3154 είς
1057 3078 1161 3167 πίστιν
1182 3084 1355 3165 θεοπρεπῆ.
1455 3136 1457 3143 .

437 3158 526 3237 Δόξα
548 3169 588 3249 τῆ
609 3161 736 3246 δυνάμει
758 3187 814 3227 σου
835 3160 929 3250 κόριε.
1413 3184 1415 3189 ’

486 3302 554 3361 Τοῦ
574 3295 714 3378 μάντεως
736 3297 831 3360 πάλαι
853 3298 990 3404 Βαλαάμ
1011 3303 1074 3361 τῶν
1095 3294 1194 3382 λόγων
1213 3295 1346 3382 μυητάς,

354 3379 407 3445 55.
435 3379 631 3487 Σοφρός,’
616 3378 865 3487 αστεροσκόπους
882 3386 985 3464 χαρᾶς
1005 3380 1150 3462 ε’πλησας,

435 3460 550 3545 Ἀστῆρ
573 3466 605 3528 ἔκ
587 3470 686 3535 κτοῖι
702 3463 818 3544 Ἰακὼβ
839 3464 1001 3538 ἀνατείλας
1023 3463 1174 3528 δέσποτα·

432 3546 597 3612 ’6666'
579 3549 722 3655 απαρχῆν
744 3549 955 3653 είςαγομίνυυς
974 3546 1065 3624 ἓδίξω
1088 3551 1122 3614 δὲ
1143 3546 1380 3637 προφανῶς·

439 3629 528 3708 Δόξα
552 3639 590 3719 τῇ
613 3630 739 3715 δυνάμει
760 3657 817 3698 σου
839 3630 934 3719 κόριε.

314 3828 324 3837 ,
475 3763 544 3872 Ὡςζ
560 3765 644 3853 πόκῳ
665 3770 777 3849 γαστρὶ
799 3775 972 3877 παρθενικῇ
993 3766 1161 3852 κατίβης“
1146 3769 1254 3854 υετὸς,
1274 3722 1418 3857 Χριστί,

355 3853 407 3917 00.
435 3848 544 3915 Καὶζ
523 3876 565 3927 ως
586 3851 732 3935 σταγόνες
754 3854 786 3917 Ιν
807 3860 846 3938 γῆ
869 3851 1047 3932 στάζουσαι.

438 3937 595 4012 Αἰθίοπες
630 3938 682 4001 καί
713 3918 846 4023 Θάρσεις
879 3940 932 4002 καί
961 3935 1105 4045 Ἀράβων
1134 3940 1228 4021 νῆσοί
1255 3964 1288 4004 τε
1314 3943 1417 4032 Σαβῆι,

438 4101 553 4211 Πάσης
573 4112 631 4189 γῆς
651 4112 838 4215 κρατοῦντες
857 4020 1223 4215 690967661066w601'
1138 4103 1254 4193 σωτῆρ.

440 4186 530 4265 Δόξα
551 4196 590 4276 τῆ
613 4190 740 4274 δυνάμει
762 4215 819 4256 σου
840 4187 935 4277 κόριε.

484 4323 609 4400 Θεὸς”
584 4350 646 4390 ων
639 4304 788 4410 είρῆνης,
817 4326 974 4412 nat69'
927 4332 1150 4477 ὸοικτιρμιῖιν,

356 4413 409 4489 05.
445 4412 514 4493 Τῆς
531 4406 668 4495 μεγάλης
687 4416 804 4493 βουλῆς
827 4434 886 4479 σου
907 4411 962 4480 τ
984 4409 1121 4498 ἄγγελον,
