3542 5325
474 793 591 878 Ὁτῆς
611 794 776 871 ἐπιπνοίας
786 792 950 901 μετασχὼν
970 799 1027 877 τῆς
1048 793 1162 875 ἀμείνω
1176 792 1276 901 Ἀδιλμ
1299 788 1415 873 χοϊκός,

353 884 406 948 ὅθ.
437 882 501 945 Καὶ
524 879 600 961 πρός
622 881 749 987 φθορὰν
770 877 1005 960 κατολισθήσας
1025 877 1217 968 γυναικεία’
1201 904 1259 941 απι
1268 902 1318 963 τη

432 966 576 1072 Χριστὸν
597 965 739 1072 γυναικὸς
759 970 820 1053 βοᾷ
842 966 979 1075 ἓξορῶν·

432 1045 529 1114 ’0δί
554 1050 607 1131 ίμε
627 1048 691 1114 κατ’
717 1050 753 1131 ίμ
756 1051 770 1113 ί
730 1050 937 1133 μγεγονιδς,
967 1047 1053 1133 ἅγιος
1074 1043 1157 1111 εἶ’
1119 1072 1213 1133 κυριε.

478 1155 673 1286 Σόμμορφος
703 1201 833 1284 πηλίνης
854 1198 996 1273 εῦττλοῦς
1017 1199 1174 1305 διαρτιάς,
1201 1200 1338 1285 Χριστε,
1369 1224 1419 1283 γε·

436 1369 500 1432 Καί
520 1375 636 1478 μετοχῇ
660 1369 833 1452 σαρκδς”
793 1392 852 1451 της
868 1282 1135 1474 χείρωγῖεαόθδοδς
1156 1367 1246 1443 θείας
1265 1364 1397 1516 φότλφς,

352 1455 405 1520 35.
437 1454 557 1534 Βροτδς
580 1455 722 1560 πεφυκὼς
742 1455 793 1518 καλ
813 1454 921 1558 μείνας
945 1449 1036 1532 Θεός,

436 1538 541 1602 Καὶ
524 1536 696 1621 ανυψῶσας
707 1533 754 1603 τδ
776 1531 906 1624 κίρας“
889 1543 996 1620 ημῶν,
1025 1502 1157 1619 λόγιος
1131 1561 1155 1601 ει
1177 1531 1272 1621 κόριε.

479 1692 625 1772 Βηθλεὲμ
648 1690 830 1799 εόφραίνου,
856 1686 951 1773 ἣγεμό
954 1714 1014 1756 ναν
1032 1684 1138 1754 Ἰοόδα
1157 1689 1318 1770 βασίλεια

440 1778 505 1839 Τδν
521 1776 702 1880 Ἰσραὴλ
668 1800 757 1883 γαρ
751 1772 766 1838 5
790 1776 971 1856 ποιμαίνων

433 1856 678 1965 Χερουβλμόί
679 1859 708 1921 π’
733 1857 837 1941 ῶμων,

352 1944 405 2008 40.
433 1940 485 2006 Ἐκ
510 1950 567 2007 σοῦ
588 1945 752 2052 προελθὼν
772 1940 915 2047 Χριστός
935 1942 1082 2046 ἐμφανῶς

438 2025 541 2090 Καλ’
525 2024 696 2109 ανυψιόσας
716 2028 751 2092 τδ
775 2022 903 2114 κόραςε
886 2033 987 2109 ημῶν,

437 2109 613 2176 Πάντωνὲ
599 2115 785 2192 ἓβα.σίλευσε

476 2261 609 2346 Ῥάβδος
630 2266 662 2329 ίκ
684 2271 741 2346 τῆς
761 2263 845 2373 ῥίζης
862 2262 989 2344 Ἰεσσαί,

436 2350 501 2412 Καὶ
524 2349 623 2425 άνθος
644 2351 675 2425 ἐξ
683 2349 810 2458 αῦτῆς,
835 2347 966 2456 Χριστί,

296 2477 299 2482 -
354 2434 407 2500 45.
431 2433 487 2496 Ἐκ
508 2442 564 2515 τῆς
585 2433 744 2540 παρθένου
766 2433 1014 2543 άντβλάστφσας,
1085 2495 1087 2500 ,

434 2516 525 2594 ”Ἐ“ξ
507 2543 601 2603 ορους
623 2516 639 2582 5
662 2518 781 2596 αἰνετός
803 2519 988 2596 κατασκιόν,
1020 2516 1131 2592 δασέος
1148 2508 1259 2626 ᾖλθες,

438 2604 623 2709 Σαρκωθελς
643 2605 674 2680 ἐξ
679 2600 920 2712 άπειράνδρφυ,
950 2597 967 2666 5
990 2599 1084 2678 άῦλος
1106 2602 1157 2667 καί
1183 2597 1272 2679 Θεός,

439 2686 529 2765 Δόξα
551 2697 590 2775 τῇ
613 2686 739 2771 δυνάμει
761 2713 818 2754 σου
840 2684 934 2772 κόριε.

473 2820 534 2887 Ὃν
555 2821 650 2887 πάλαι
672 2831 814 2909 προεῖπεν
826 2820 942 2900 Ἰακῶβ
963 2822 1066 2886 ἐθνῶν

355 2909 407 2973 5θ.
433 2905 639 3014 Ἀπεκδοχὴν,
660 2908 796 2991 Χριστδ,
820 2906 920 2992 φυλῆς
936 2902 1048 2970 Ἰοόδα
1070 2905 1266 2984 ἓξανίτειλας,

439 2992 504 3054 Καὶ
526 2989 655 3099 δόναμιν
676 2993 869 3099 Δαμασκοῦ,
901 2992 1080 3074 Σαμαρείας
1102 2989 1199 3056 σκῦλά
1219 3015 1252 3055 τι
1272 2983 1371 3074 ηλθες

439 3074 687 3224 Προνομεόσας,
712 3074 832 3159 πλάνην
855 3077 973 3183 τρέπων
995 3077 1039 3150 είς
1060 3075 1164 3164 πίστιν
1185 3081 1358 3161 θεοπρεπῆ.

439 3161 529 3237 Δοξα
550 3187 590 3248 τῃ
612 3160 739 3244 δυνάμει
760 3185 817 3226 σου
838 3158 931 3247 κόριε.

489 3302 557 3361 Τοῦ
577 3296 717 3377 μάντεως
739 3296 835 3359 πάλαι
856 3296 993 3375 Βαλαὰμ
1014 3300 1077 3357 τῶν
1098 3291 1197 3378 λόγων
1216 3290 1350 3377 μυητάς,

357 3381 410 3445 55.
439 3379 634 3486 Σοφοός,’
619 3377 867 3489 αστεροσκόπους
885 3387 988 3465 χαρᾶς
1008 3377 1154 3459 ξ’πλησας,

439 3460 553 3546 Ἀστὴρ
577 3466 609 3528 ίκ
634 3470 690 3534 τοῦ
705 3463 821 3542 Ἰακὼβ
843 3463 1005 3537 ἀνατείλας
1026 3462 1177 3527 δίσποτα·

436 3547 601 3612 Ἔθνῶν’
583 3548 725 3654 απαρχὴν
748 3550 959 3654 είςαγομίνους
977 3545 1069 3622 ίδέξαν
1092 3548 1125 3610 δὲ
1146 3542 1384 3633 προφανῶς·

442 3631 532 3708 Δόξα
556 3640 593 3719 τῇ
617 3630 743 3716 δυνάμει
764 3657 821 3699 σου
843 3630 938 3719 κόριε.

479 3763 537 3844 Ὡς
564 3765 648 3853 πόκῳ
670 3770 781 3849 γαστρί
802 3772 976 3874 παρθενικῇ
997 3762 1165 3849 αατέβηςι
1150 3765 1220 3831 υετδ
1223 3792 1259 3850 ς,
1278 3720 1421 3853 Χριστί,

359 3854 412 3918 60.
439 3849 569 3927 Καλῶς
590 3852 737 3935 σταγόνες
758 3853 790 3917 ἐν
811 3859 850 3937 5¹5
873 3848 1051 3929 στάζουσαι.

442 3938 600 4012 Αίθιόπες
635 3938 686 4001 και
717 3935 851 4023 Θάρσεις
883 3938 936 4000 καί
965 3932 1109 4043 Ἀράβων
1139 3936 1232 4018 νῆσοί
1260 3959 1292 4000 τε
1319 3938 1420 4027 Σαβᾷ,

441 4101 558 4210 Πάσης
577 4112 635 4188 γῆς
656 4111 842 4215 κρατοῦντες
862 4017 1227 4188 5905575555w5ot‘
1143 4100 1259 4190 σωτήρ.

444 4185 535 4264 Δόξα
556 4196 595 4276 τῇ
618 4191 744 4273 δυνάμει
766 4214 824 4255 σου
845 4185 939 4274 κόριν.

490 4323 613 4400 Θεδς“
589 4350 649 4390 ων
645 4322 793 4410 είρὴνης,
822 4323 979 4410 πατὴρ’
949 4330 1126 4434 οικτιρμῶν,

360 4414 414 4479 65.
450 4413 519 4492 Τῆς
536 4406 673 4495 μεγάλης
692 4415 809 4493 βουλῆς
832 4432 891 4477 σου
912 4408 967 4476 τόν
989 4407 1126 4494 ἄγγελον,
