3542 5325
824 837 999 920 XXXVI.

758 991 886 1063 Κανῶν
912 991 933 1061 6
956 998 1074 1085 μέγας.

843 1111 938 1203 Ωιδή
955 1135 988 1181 α.

507 1257 639 1366 Βρηθὸς
661 1258 711 1319 καὶ
728 1257 909 1366 σκεπαστὴς
916 1254 1044 1363 ἐγίνετό
1067 1280 1120 1334 μοι
1143 1255 1185 1329 εἷς
1208 1257 1381 1343 σωτηρίαν·

474 1333 575 1418 Οότός
592 1367 654 1447 μου
679 1338 757 1415 Θεὸς
778 1367 829 1404 ιιαι
821 1338 974 1451 δοξόσω
997 1339 1109 1448 αιίτόν

474 1428 553 1501 Θεὸς
574 1433 629 1490 τοῦ
651 1422 770 1509 πατρός
789 1450 851 1506 μου
872 1427 923 1489 καὶ
943 1423 1065 1507 ὕψῶσιιι
1087 1422 1193 1507 αιἰτόν,

465 1509 617 1587 Ἔνδόξιιις
637 1512 696 1596 γὰρ
719 1509 912 1586 δεδόξασται.

407 1669 438 1730 5.
510 1659 621 1725 Πόθιν
643 1658 776 1742 ι’ίρξομαι
798 1665 926 1741 θρηνεῖν

473 1748 541 1823 Τὰς
561 1754 616 1810 τοῦ
640 1745 754 1808 ἀθλίου
775 1768 837 1824 μου
857 1749 929 1824 βίου
951 1741 1031 1825 πρόξ
1033 1770 1092 1826 uc,-

471 1829 614 1895 Ποίαν)
597 1830 740 1914 απαρχδγν
761 1827 921 1910 ἐπιθήσω,
945 1831 1075 1914 Χριστέ,

466 1921 525 2025 Τῇ
547 1922 603 1980 νῦν
624 1914 807 2022 θρηνῳδίρις

466 1981 589 2065 '661
573 1995 616 2074 ῶς
636 1965 845 2080 εόσπλαγχνός
863 2025 919 2079 μοι
939 1998 995 2074 δός
1015 1994 1275 2084 παραπτωμάτων
1298 1996 1421 2085 ἄφεσιν.

391 2154 442 2218 10.
515 2152 618 2257 Δεῦρο
642 2146 773 2212 τάλαινα
792 2149 879 2233 ψυχὴ
903 2148 959 2213 σὺν
981 2156 1021 2235 τῇ
1045 2153 1138 2234 σαρκί
1158 2172 1232 2216 σου·

477 2241 532 2322 Τῷ
553 2233 677 2298 πάντων
700 2235 807 2342 κτίστῃ
830 2214 1024 2318 ἔξομολογοίι,

474 2300 576 2384 K66’
560 2315 699 2398 απόσχου
721 2319 826 2382 λοιπόν
846 2326 904 2401 τῆς
924 2322 995 2403 πρίν
1017 2317 1151 2425 ἀλογίας,

473 2406 538 2469 Καὶ
561 2400 731 2489 προςόγαγε
756 2403 824 2467 Θεῶ
847 2405 879 2467 ἐν
899 2405 1048 2492 μετανοίᾳ
1070 2400 1199 2487 δάκρυα.

520 2555 585 2621 Τόν
520 2551 850 2639 Τπραιτόπλαστον
868 2551 984 2638 Ἀδὰμ,
1014 2562 1052 2640 τῇ
1075 2552 1249 2639 παραβάσει
1270 2551 1452 2643 παραζηλῶ·

395 2731 443 2793 15.
466 2724 586 2809 Ἔγνων
608 2724 742 2805 ἓμαυτδν
762 2725 967 2807 γυμνωθέντα
993 2666 1115 2789 Θεόδιας

476 2812 540 2873 Καὶ
562 2816 618 2917 της
640 2808 921 2917 66666666616663
943 2813 993 2873 καὶ
1016 2817 1137 2896 τρυφῆς

478 2893 596 2957 Διὰ
562 2918 619 2968 τας
640 2889 797 2976 ἁμαρτίας
816 2918 887 2975 μου.

480 3044 615 3193 ΤΟίμοι
636 3042 766 3109 τάλαινα
786 3044 892 3155 ψυχή·

480 3127 710 3212 Τίῶμοιιόθης
731 3136 769 3214 τῆ
792 3128 900 3241 πρώτη
923 3131 1008 3221 6665

393 3220 445 3284 20.
477 3211 623 3289 Εἶδες
567 3238 646 3322 γαρ
669 3220 772 3289 κακῶς
792 3217 843 3277 καὶ
865 3196 1008 3303 δτριόθης
1028 3222 1155 3302 πικρῶς,

477 3296 582 3361 Ka6‘'
562 3315 638 3403 ηψαι
658 3304 713 3360 τοῦ
736 3296 839 3375 ξύλου,

479 3383 544 3444 Καὶ
564 3379 678 3462 ἐγεόσιιι
698 3388 859 3465 προπετῶς
878 3389 936 3468 τῆς
957 3383 1135 3471 παραλόγου
1156 3381 1312 3471 βρώσεως.

515 3531 598 3599 'Am
619 3528 704 3607 Εἰίας
726 3531 919 3679 αἰρθητῆς“
902 3561 922 3617 η
944 3532 1040 3618 νοητή
1061 3562 1114 3618 μοι
1136 3536 1268 3620 κατίστη
1290 3534 1369 3617 Εόα,

474 3612 566 3679 Ὁέν
579 3621 627 3725 τῇ
650 3618 740 3695 σαριιδ
762 3618 909 3701 ἐμπαθὴς
921 3621 1083 3726 λογισμὸς,

395 3706 447 3768 95.
481 3680 666 3776 Δεικνδς
631 3726 672 3764 τα
690 3698 768 3783 ἡδέα
789 3705 840 3807 καὶ
861 3701 1022 3788 γευόμενος
1043 3706 1088 3770 ἀεὶ

482 3792 550 3869 Τῆς
570 3792 681 3871 πιιιρᾶς
702 3785 911 3866 καταπόσεως.

452 3965 455 3969 ·
517 3935 668 4047 Ἐπρξίαις
688 3943 746 4044 τῆς
761 3939 854 4019 Ἐδέμ
875 3945 981 4025 προεξε
970 3941 1088 4027 εῤῥιῳη,

474 4016 590 4095 Ὡς
549 4049 593 4103 μη
615 4047 658 4107 φο
659 4019 754 4129 λόξρις
774 4026 850 4105 μίαν
872 4050 945 4106 σου,
976 4036 1091 4113 σῶτερ,
1123 4026 1283 4111 ἐντολὴν
1271 4054 1287 4091 ο
1306 4027 1420 4109 Ἀδάμ

474 4104 649 4188 ’Τιγῶδδτ
650 4103 794 4187 ίπόθω,
826 4110 951 4175 ἀθετῶν

331 4242 335 4248 ,
396 4192 447 4257 30.
478 4190 543 4255 Διά
564 4191 679 4268 παντός
699 4193 739 4255 τὰ
759 4158 862 4278 ζῶηρό
883 4220 940 4260 σου
962 4196 1067 4281 λόγιος

524 4324 591 4408 Τὴν
612 4332 668 4391 τοῦ
690 4325 771 4395 Κόϊν
791 4332 952 4411 μετελθὼν
971 4336 1210 4439 μιαιρονίαν
1172 4360 1210 4418 τη
1233 4332 1417 4420 προαιρέσει,

481 4414 512 4474 Γ
509 4412 599 4494 ίγονα
620 4412 748 4497 φονεὺς,
777 4414 944 4497 συνειδότι,
973 4425 1087 4501 ψυχῆς,
