3542 5325
360 1644 654 1753 Apponutx
693 1647 1143 1752 ,Adnotatlonum
1188 1651 1262 1739 ad
1308 1652 1424 1758 lly-

360 1764 1103 1989 mossoquanttlffishfippglaa
1127 1770 1295 1876 atqua
1310 1770 1440 1859 An·-

816 2059 970 2069 u---—-—-

756 2171 872 2238 Tomos
896 2173 1038 2238 Primus.

362 2314 413 2365 IX.
450 2311 618 2378 Fortlage
637 2312 758 2380 Getiinge
777 2313 945 2365 christlichar
963 2312 1084 2364 Vorzait.
1110 2310 1204 2363 Berlin
1224 2312 1302 2365 1844.
1320 2334 1348 2385 p.
1359 2313 1425 2370 365:

396 2381 511 2432 Sowohl
528 2397 622 2448 wegen
639 2384 728 2432 seinar
745 2381 931 2450 begeisterden
950 2381 1028 2430 Krast
1046 2382 1085 2431 ais
1104 2383 1170 2432 auch
1190 2383 1310 2433 dadurch
1328 2403 1425 2450 ausga-

397 2450 535 2512 zaichnat,
564 2450 625 2499 dass
650 2450 680 2499 in
703 2451 759 2500 ibm
784 2462 872 2501 zuarst
891 2449 939 2501 der
956 2451 1032 2499 Reim
1052 2451 1230 2514 arigewendet
1251 2450 1347 2501 wurda
1367 2450 1426 2518 (i)
1524 2481 1527 2488 ·

381 2521 426 2576 ,in
452 2519 527 2569 einer
550 2515 626 2578 zeii,
661 2535 706 2569 wo
737 2517 861 2569 dorselbe
886 2518 957 2568 noch
982 2516 1060 2584 langa
1084 2518 1222 2569 hinterber
1247 2537 1314 2584 ganz
1340 2539 1427 2588 unga·
1515 2561 1517 2572 .

397 2585 556 2638 brduchlioh
582 2582 667 2634 bliab.
708 2585 765 2636 Dar
788 2587 865 2636 Reim
894 2589 929 2636 ist
954 2586 1012 2635 bier
1037 2585 1157 2636 Zeichen
1183 2588 1427 2652 ungewobnlichen

398 2657 580 2722 Schwunges‚
602 2653 711 2705 worauf
726 2655 792 2705 auch
812 2653 859 2705 das
878 2653 1043 2722 springandu
1065 2651 1204 2705 Versmaas
1223 2655 1325 2707 deuter.

349 2728 401 2778 -X.
435 2726 551 2775 Primam
569 2721 712 2791 Stropbam
731 2724 760 2773 in
781 2720 895 2789 Synodo
910 2724 1030 2773 Romana
1050 2740 1083 2773 ex
1101 2720 1248 2774 Baiuziana
1265 2723 1427 2777 collectione

337 2822 348 2835 ·
398 2812 424 2845 a.
444 2791 506 2844 430.
532 2791 667 2842 celebrata
689 2792 835 2843 Ambrosio
861 2791 1023 2855 adscriptam
1048 2794 1214 2859 reperimus,
1245 2811 1295 2843 neo
1319 2811 1374 2843 non
1393 2795 1427 2844 ab

396 2861 563 2931 lidaphonso
582 2859 616 2911 de
634 2872 765 2928 perpetua
782 2862 936 2928 virginitate
959 2860 988 2908 B.
1010 2860 1050 2909 Μ.
1070 2876 1124 2910 non
1142 2862 1225 2912 semei
1243 2864 1427 2931 propositam:

419 2933 466 2981 uin
484 2932 566 2980 immo
584 2928 699 2980 eundem
718 2947 772 2979 non
792 2929 872 2980 modo
893 2928 966 2997 apud
976 2925 1168 2980 cassiodorum
1185 2932 1212 2980 in
1222 2930 1266 2981 Ps.
1277 2930 1350 2982 Vnt.
1361 2943 1388 2983 at
1398 2932 1428 2981 in

398 2951 446 3050 is.
465 2999 513 3048 Xl.
532 2994 558 3048 6·
584 2996 632 3048 sad
651 3000 732 3048 etiam
751 2996 824 3067 apud
845 2998 968 3048 Faustum
984 2998 1143 3064 Regiansem
1161 2999 1213 3066 Ep.
1234 2997 1269 3049 ad
1286 3017 1311 3066 g.
1348 3001 1427 3051 Dias.

398 3067 521 3135 legimus.
558 3064 751 3117 Gerbertus
768 3064 802 3117 da
820 3066 893 3117 Mus.
912 3065 940 3116 S.
959 3067 978 3115 t.
1000 3084 1026 3132 p.
1041 3064 1085 3116 81.

362 3139 416 3191 Xl.
451 3137 530 3185 Hunc
548 3134 679 3202 hymnum
689 3135 825 3185 Ambrosii
845 3152 903 3186 esse
922 3145 1035 3185 testatur
1043 3133 1208 3201 Augustinus
1219 3135 1336 3185 Retraot.
1351 3134 1372 3185 l.
1385 3129 1428 3186 24.

397 3206 441 3256 Ex
463 3204 632 3253 Hexaemero
657 3203 690 3266 5,
709 3199 752 3252 24.
777 3202 928 3253 desumtum
953 3220 1011 3253 esse
1035 3219 1051 3252 a
1076 3203 1167 3253 multis
1195 3202 1348 3254 auctoribus
1388 3214 1431 3254 ost

399 3271 504 3325 Badam
532 3271 567 3321 de
591 3282 648 3321 arta
671 3274 781 3323 metrica
801 3272 973 3323 observatum
992 3275 1042 3322 ast.
1087 3270 1118 3320 ln
1139 3222 1430 3323 Ambrosianooibcio

399 3358 506 3409 semper
532 3349 655 3390 cantatur
679 3339 715 3390 sd
731 3340 914 3404 Nocturnum,
942 3341 971 3390 in
983 3337 1157 3391 Mozarabico
1175 3337 1270 3391 diebus
1288 3339 1431 3393 dominicis

400 3409 435 3463 ad
448 3408 621 3460 Matutinum.

363 3476 429 3533 Xll.
463 3478 633 3529 Mentionam
649 3473 738 3526 iniicit
755 3474 852 3545 hymni
867 3474 1034 3543 Augustinus
1053 3477 1081 3526 in
1092 3474 1316 3530 confessionibus
1329 3477 1376 3526 ΙΧ.
1388 3475 1432 3525 ta.

364 3549 442 3602 Xili.
477 3544 560 3615 Apud
583 3544 776 3597 Ambrosianus
806 3546 837 3596 in
860 3544 1088 3597 sollemnitatibus
1114 3556 1140 3597 et
1157 3545 1311 3597 Dominicis
1337 3545 1432 3596 diebus

401 3626 525 3668 cantatur
543 3612 577 3663 ad
592 3614 725 3664 Tertiam.

365 3686 455 3739 xvtt.
474 3684 542 3736 XX·
577 3680 827 3735 Commemorantur
845 3680 918 3749 apud
939 3680 1050 3732 Bedam.

365 3751 474 3807 XXlss.
514 3748 604 3801 Hodie
628 3761 750 3802 cantatur
774 3750 807 3800 ab
826 3748 1014 3801 Ambrosianis
1037 3750 1108 3799 intra
1134 3747 1372 3820 Quadragasimam
1398 3747 1433 3798 sd
1536 3800 1541 3811 .

403 3818 626 3892 Complatorium.

366 3882 474 3944 XXVl.
510 3888 612 3955 Tangit
630 3903 738 3939 sarman
755 3885 916 3937 Hincmarus
934 3886 963 3936 in
981 3885 1051 3935 libro
1071 3882 1106 3934 da
1125 3903 1178 3935 noo
1195 3885 1268 3936 trinu
1284 3886 1403 3936 Deitate.

366 3958 458 4012 va.
487 3957 580 4009 LXX.
641 3952 836 4005 Martanius
869 3953 904 4005 da
941 3956 1024 4023 antiq.
1052 3952 1131 4008 Mon.
1157 3954 1263 4004 Ritibus
1299 3952 1354 4017 111,
1390 3953 1432 4002 10.

403 4035 611 4087 commemorat,
638 4025 668 4073 in
693 4020 838 4075 Ordinatio
864 4020 893 4075 S.
914 4020 989 4074 Petri
1015 4040 1096 4092 supra
1122 4021 1222 4072 Divum
1244 4024 1363 4073 carmina
1382 4019 1434 4070 ad-

341 4152 345 4161 ,
403 4099 507 4163 signata
532 4110 591 4146 essa
616 4092 731 4162 tempori
757 4088 990 4160 Quadragesimali
1015 4090 1050 4141 ad
1075 4090 1197 4141 Tertiam
1221 4102 1248 4143 et
1266 4091 1371 4142 Nonam
1388 4087 1436 4139 di·

406 4163 502 4215 aenda.

368 4230 470 4288 xcix.
504 4229 669 4297 Fortlaga
691 4227 710 4278 l.
730 4246 753 4279 o·
772 4244 801 4345 p·
818 4224 894 4279 369st
927 4226 1024 4279 Diesar
1047 4225 1175 4279 lieblioba
1199 4226 1306 4293 Gessng
1330 4225 1435 4276 acbaint

407 4304 468 4354 aina
485 4297 652 4365 Ausmulung
670 4316 724 4349 von
745 4292 768 4346 0
794 4296 856 4347 enb.
878 4289 919 4356 14,
937 4291 962 4345 4.
984 4316 1017 4346 zu
1035 4297 1104 4346 sein.

369 4371 428 4427 cit.
462 4368 589 4435 Fortlaga
612 4366 632 4419 l.
651 4384 675 4418 c.
695 4384 722 4433 p.
742 4361 801 4415 396.
830 4364 901 4416 Vers
925 4362 942 4414 2
962 4385 987 4415 u.
1007 4366 1023 4415 3
1047 4366 1173 4421 arinnorn
1197 4361 1259 4412 sehr
1283 4362 1384 4413 zuriiok
1402 4379 1436 4412 an

407 4438 454 4493 dis
474 4437 599 4490 a'hnlicba
621 4434 821 4501 Besohrsibung
839 4432 887 4485 der
905 4432 1156 4500 Paradissesgiirtan
1175 4430 1220 4482 bai
1238 4427 1420 4483 Prudentius:
