3542 5325
854 587 857 596 ι

736 775 740 786 ι

410 859 442 926 Ι.
492 852 620 928 Versus
640 852 676 923 in
694 851 808 949 vigilie
828 852 1038 926 innocentum
1058 852 1101 925 ad
1113 852 1368 951 processionem.
1426 877 1442 936 g

351 987 434 1042 Salve
451 987 567 1040 lacteolo
585 986 740 1059 decoratum
764 988 895 1055 sanguine
921 986 1051 1051 festum„
1145 1026 1147 1030 -

351 1074 461 1128 Salvete
478 1077 596 1127 innocua
614 1092 728 1143 corpora
745 1073 805 1125 fusa
823 1074 893 1126 neci.
977 1076 979 1080 ’
1195 1066 1197 1075 ’

351 1160 483 1228 Concinit
501 1178 579 1225 ecce,
596 1159 678 1226 deus,
703 1161 809 1212 tibimet
827 1178 893 1228 grex
909 1160 962 1213 ists
979 1159 1096 1229 pusillus
1178 1185 1182 1198 ἰ
1276 1191 1279 1196 ·
1306 1179 1309 1189 ¹
1415 1173 1418 1180 '

351 1244 490 1298 Festivom
508 1245 589 1297 laude
605 1246 790 1315 perveniendo
810 1245 893 1297 diem.

353 1334 384 1383 ln
402 1351 454 1399 qua
473 1343 558 1383 morte
574 1326 621 1401 pis
639 1350 782 1400 puerorum
806 1333 923 1383 maxima
944 1332 1023 1384 turba

346 1415 462 1485 ιΟοιιίιὶὶι
481 1430 509 1471 et
525 1418 622 1470 victrix
638 1436 720 1485 regna
738 1436 853 1488 superna
872 1418 955 1487 cepit·

353 1503 422 1556 Nam
440 1504 502 1573 quis
520 1515 655 1555 terrenum
676 1505 772 1556 metuit
789 1495 948 1571 disperdere
965 1521 1085 1572 regnunt,

356 1587 485 1657 impius
476 1589 586 1642 immani
603 1607 653 1640 rex
670 1588 777 1644 feritate
796 1590 879 1641 furit.

355 1673 488 1727 Audierat
505 1693 613 1743 regern,
633 1689 712 1741 quern
731 1686 827 1727 cuncta
844 1674 954 1726 oracula
971 1670 1073 1726 dudunt
1165 1679 1171 1704 ‘

357 1759 535 1828 spondebant
553 1772 659 1825 vatum,
687 1756 790 1827 virgine
808 1771 894 1811 matre
911 1772 1006 1811 satum.

357 1843 483 1897 iudaicae
501 1857 593 1913 gentes
612 1845 655 1896 cui
673 1843 764 1895 debita
782 1864 863 1912 regna
882 1857 1031 1909 manerent,
1089 1899 1092 1910 ‚

357 1931 471 1999 Hocque
490 1950 581 1997 magos
598 1929 675 1981 steila
699 1928 843 1982 testificare
859 1950 940 1983 nova.

358 2018 421 2069 Nec
433 2034 506 2067 mora
524 2012 650 2086 pestifera
669 2015 841 2068 succenditur
854 2013 954 2069 efferus
968 2017 1018 2084 ira,

358 2104 432 2153 Dum
450 2103 501 2154 sibi
519 2102 669 2171 praeripier
685 2103 758 2167 regia
775 2103 833 2152 iura
851 2103 938 2153 timet.

360 2190 428 2240 Mox
445 2187 553 2240 iubet'
544 2205 687 2239 innocuam
709 2186 782 2238 ferro
801 2200 973 2257 prosternere
990 2188 1109 2289 plebem?
1197 2237 1207 2245 ..

360 2272 486 2325 Destinat
504 2285 583 2339 atque
599 2273 660 2324 neci
678 2289 792 2341 corpora
809 2273 936 2326 lacteola.

361 2358 490 2411 Perderet
509 2370 536 2411 st
553 2357 686 2412 Christum
705 2360 785 2423 dum,
809 2379 890 2413 nemo
905 2358 1019 2412 evadere
1038 2371 1065 2413 et
1081 2360 1171 2433 ipsun

363 2447 436 2497 inter
453 2456 481 2498 et
498 2447 653 2498 innumeros
670 2457 801 2498 sterneret
819 2447 891 2499 hunc
911 2464 1019 2515 pueros.
1055 2477 1057 2480 -

413 2635 449 2706 2.
485 2629 611 2705 Versus
622 2630 784 2729 Radperti
800 2631 840 2707 ad
853 2597 1165 2709 communicandum.
1199 2645 1256 2712 (ct
1275 2646 1377 2707 &nisit

513 2751 601 2803 Lectt.
620 2749 767 2830 sntiq.†ed.
785 2751 908 2819 &onage
926 2752 1049 2805 Tem-ll.
1067 2770 1108 2822 pt·
1115 2750 1148 2809 δι
1160 2752 1278 2821 9400.)
1298 2792 1300 2799 .

366 2871 490 2934 Laudes,
508 2871 688 2941 omnipotens,

367 2960 487 3011 Fecimus
504 2958 576 3014 tibi.
593 2955 665 3009 done
683 2955 802 3008 colentes

368 3044 495 3114 Corporis
512 3043 635 3093 immensi

368 3129 512 3198 Sanguinis
530 3138 610 3194 etque
626 3129 675 3178 tui.

369 3267 517 3332 Tengimus
536 3280 598 3314 ecce
616 3272 698 3326 tuam,

370 3354 470 3403 Rector
486 3349 666 3413 sanctissime,
685 3364 815 3415 mensam,

371 3438 416 3488 Tu
434 3435 500 3486 licet
515 3432 646 3502 indignis

371 3521 522 3593 Propitiure
540 3521 603 3571 tuis.

372 3659 523 3729 Propitiare
552 3657 613 3723 pius
628 3619 741 3725 accentu

374 3744 497 3798 Absolve
515 3743 656 3806 benignus,

374 3831 462 3884 Possit
479 3839 508 3880 ut
525 3826 631 3878 invictis
666 3823 775 3890 (Possit
793 3825 839 3878 Sic
856 3825 989 3880 canisius.
1009 3827 1078 3882 cod.
1095 3831 1223 3892 Brettii·
1241 3774 1386 3902 prosit)
1403 3860 1421 3869 .,

375 3916 550 3986 Adprcpiare
567 3912 659 3962 sacris.
1053 3938 1056 3953 .·
1081 3950 1083 3957 ,
1120 3943 1141 3960 .,
1424 3906 1428 3913 ’

376 4052 498 4119 Angelus
513 4044 638 4102 aetheriis
656 4055 763 4097 sanctus

378 4135 534 4191 Descendst
551 4135 585 4185 ab
605 4131 697 4196 astris,
734 4129 834 4196 (Cessit.
854 4131 1006 4198 descendit)

379 4221 527 4276 Purificant
546 4225 642 4286 corpus

382 4309 435 4364 Gor
451 4308 603 4377 pariterque
621 4305 691 4374 pius.

353 4406 358 4411 “
383 4434 458 4484 Haec
475 4426 607 4478 medicina
625 4435 720 4494 potens
739 4421 806 4476 caeli

384 4519 440 4581 Nos
455 4513 535 4569 ducat
551 4513 580 4563 in
599 4527 682 4576 arces,
