3542 5325
819 635 927 749 'suu

343 805 421 859 'rum
446 807 515 854 tono
549 791 738 853 decantatam.
791 790 850 851 lam
871 804 1009 871 precante
1036 788 1138 852 Potor
1164 802 1276 852 nostor
1305 799 1424 872 populo,

356 885 486 942 elevatur
506 878 694 937 Eucharistiae
715 887 745 934 et
765 882 954 955 pronuntiant
975 899 1093 950 omnes:
1121 872 1209 937 Unus
1221 876 1329 938 Pater
1348 898 1424 947 sam

355 978 446 1037 otus,
473 981 554 1023 tontes
588 961 700 1023 Filios
719 972 871 1034 sanctus,
909 982 992 1021 tirsus
1027 959 1177 1041 Spiritus
1208 973 1352 1040 sanctus,
1395 977 1424 1022 et

359 1055 490 1129 sequitur
511 1052 587 1106 ritus
608 1050 659 1126 qui
679 1057 863 1124 perpetratur
884 1048 960 1125 apud
981 1068 1035 1106 nos
1056 1051 1087 1104 in
1108 1050 1223 1106 verbis:
1256 1044 1324 1107 Per
1344 1067 1422 1108 m·

358 1136 439 1197 dom.
473 1130 540 1192 Por
556 1134 673 1192 omnic.
701 1128 781 1189 Pax
795 1127 940 1190 Domini.
972 1132 1035 1190 Nec
1045 1133 1130 1190 modo
1144 1135 1176 1189 in
1197 1134 1343 1192 fractione
1356 1144 1423 1191 tan-

355 1220 514 1291 tummodo,
537 1219 588 1275 sed
602 1219 690 1273 etiam
701 1218 732 1271 in
747 1227 885 1293 sequente
898 1216 1103 1274 Eucharistiae
1120 1219 1324 1275 communione
1338 1212 1422 1298 (cuns

232 1367 237 1374 ,
258 1299 262 1308 ’
356 1305 511 1374 cochleari¹
523 1298 740 1377 administrata)
763 1320 862 1358 omnes
876 1303 1031 1359 succinunt
1043 1297 1191 1380 Hpntnos
1203 1301 1312 1376 autad
1334 1312 1422 1360 tonos

355 1390 453 1450 autad
468 1388 582 1450 modum
594 1386 627 1443 S.
640 1383 799 1461 Ephraemi
812 1394 842 1441 et
859 1384 891 1441 S.
906 1382 1002 1442 iacobi
1016 1395 1048 1443 ut
1061 1405 1157 1461 supra.
1202 1384 1338 1463 Denique
1350 1406 1420 1465 gra-

355 1478 462 1534 tiarum
482 1473 516 1529 fit
539 1472 637 1542 actio,
672 1463 842 1547 (Placeat)
869 1478 898 1526 et
921 1471 1024 1527 ultima
1053 1470 1139 1527 datur
1163 1471 1328 1529 benedictio
1353 1490 1420 1529 cum

355 1561 417 1618 obsi
441 1559 568 1615 natione.
592 1586 630 1598 -
655 1551 698 1611 lle
718 1556 818 1611 multis
840 1553 982 1631 Syrorum
1006 1556 1135 1633 liturgiis
1158 1555 1196 1612 ei.
1222 1550 1318 1612 Mirr.
1347 1551 1421 1614 An·

354 1578 449 1704 tioob.
482 1638 496 1722 (
508 1639 590 1698 born.
614 1636 737 1720 i‘t'lb'),
763 1633 1006 1697 Rermudotium
1031 1649 1060 1693 et
1079 1635 1296 1698 Aestuarium
1330 1634 1419 1718 (eoo.

355 1732 399 1788 lit.
428 1726 475 1785 lv.
497 1725 527 1782 2.
549 1745 577 1801 p.
598 1721 687 1804 236).
1301 1793 1304 1802 ,

461 1808 592 1868 Et¹haec
613 1810 728 1885 quidem
752 1807 901 1864 hactenus.
944 1806 1060 1882 Accipis
1080 1808 1107 1864 b.
1130 1810 1148 1863 l.
1174 1808 1355 1865 canticorum
1370 1828 1420 1866 se-

356 1907 491 1978 quentem
516 1891 659 1950 delectum
683 1896 713 1950 in
739 1902 862 1968 quatuor
875 1900 972 1967 partes
986 1890 1123 1964 divisum,
1142 1893 1268 1967 primum
1280 1895 1421 1951 nonnulla

357 1985 390 2043 S.
411 1980 569 2057 Ephraomi
593 1980 741 2047 carmina,
762 1995 835 2052 quae
856 1978 930 2033 locis
950 1994 1010 2032 non
1032 1985 1145 2032 scatent
1165 1976 1351 2053 dogmaticis,
1372 1979 1430 2036 al-.

355 2079 418 2126 tero
438 2084 505 2141 pars
526 2064 727 2137 complectitur
749 2063 862 2116 cantica
883 2062 914 2115 iu
928 2058 1126 2133 Eucharistiu,
1141 2063 1230 2117 tertia
1243 2063 1283 2117 *iu
1303 2060 1420 2121 festivi-

357 2152 466 2211 tatibus
489 2157 517 2204 et
539 2143 645 2202 officiis
667 2146 790 2214 usitata,
811 2155 915 2220 quarta
938 2147 1067 2201 carmina
1087 2146 1119 2200 iu
1139 2146 1244 2203 ritibus
1267 2147 1361 2203 sacris
1389 2155 1419 2204 et

356 2233 505 2295 ordinibus
527 2229 665 2289 adhibita.
707 2226 856 2284 Accedunt
876 2227 1000 2305 denique
1021 2228 1122 2305 hymni
1143 2232 1255 2306 aliquot
1275 2248 1313 2285 ex
1328 2228 1418 2290 Codd.

355 2318 447 2380 MSS.
477 2316 618 2387 desumti,
653 2331 776 2389 quorum
801 2331 876 2370 unus
898 2312 970 2369 mihi
1002 2311 1079 2369 bunc
1111 2316 1142 2370 in
1173 2333 1256 2370 usum
1278 2333 1296 2370 a
1329 2333 1418 2391 prae-

357 2415 473 2482 ceptore
505 2399 717 2477 spectatissimo
748 2407 777 2453 et
797 2395 1006 2454 humanissimo
1042 2398 1171 2456 cuiusvis
1199 2398 1289 2455 studii
1317 2401 1425 2460 ories..
1456 2466 1460 2474 ¹

354 2492 423 2550 talis
465 2487 597 2554 fautore,
638 2476 828 2556 Rcedtgero
873 2481 1018 2552 traditus,
1061 2479 1094 2539 S.
1125 2483 1306 2540 matrimonii
1337 2481 1417 2542 ordi-

354 2594 421 2634 nem
447 2570 526 2648 apud
552 2566 743 2624 Nestorianos
774 2564 956 2624 Christianos
986 2566 1138 2643 vulgatum
1168 2568 1315 2639 continet,
1341 2569 1415 2626 alius

354 2659 424 2720 ordo
448 2654 544 2716 ests.
567 2652 702 2729 baptismi
723 2650 876 2709 Ecclesiae
899 2648 1108 2724 lacobitarum,
1130 2646 1432 2730 quemArrtoldirts,

353 2751 523 2823 praeceptor
542 2758 624 2797 meus
645 2737 851 2794 dilectissimus
871 2738 960 2793 solita
981 2736 1159 2809 liberalitate,
1176 2735 1249 2793 mihi
1275 2739 1415 2813 suppedi-

354 2831 448 2898 tavit,
478 2826 607 2900 reliquos
643 2820 678 2876 de
714 2822 818 2897 quibus
850 2820 929 2877 infra
960 2822 1126 2878 accuratius
1159 2821 1318 2892 disseram,
1364 2820 1413 2883 Io.

354 2906 469 2973 Ambr.
503 2901 662 2966 Bartltus
693 2922 807 2962 summa
845 2905 1047 2961 benevolentia
1079 2924 1125 2961 me
1154 2906 1300 2982 inspicere
1331 2907 1413 2967 feeit.

268 3022 271 3029 ·
353 2997 411 3057 His
441 2995 625 3071 potissimum
655 2991 729 3047 viris
764 2989 940 3046 doctissimis
975 3007 1012 3044 ex
1037 2985 1148 3046 intimo
1189 2999 1309 3065 pectore
1342 3013 1415 3071 gra-

339 3072 411 3142 tias
433 3093 506 3158 ag03
527 3077 632 3133 lectori
653 3093 727 3151 quae
747 3073 895 3130 elaborari
916 3073 1081 3147 committo,
1102 3093 1211 3151 rogans
1221 3083 1255 3130 ut
1274 3073 1416 3137 benevole

354 3167 497 3243 accipiat,
526 3180 599 3237 quae
627 3155 779 3216 deficiente
808 3167 837 3214 et
858 3157 947 3215 debili
966 3159 997 3214 vi
1018 3177 1053 3214 ac
1073 3159 1200 3230 virtute,
1221 3157 1272 3214 sed
1293 3162 1415 3238 vigente

354 3253 482 3311 omnium
501 3245 662 3303 Sacrorum
683 3241 833 3301 Ecclesiae
854 3251 884 3299 et
897 3241 1086 3300 occidentalis
1108 3251 1138 3300 et
1151 3244 1303 3303 orientalis
1315 3263 1416 3306 amoro

354 3335 506 3410 studioque
526 3330 668 3405 praestiti.
