3542 5325
476 796 516 863 ‘0
537 805 593 880 τῆς
614 797 779 874 ἐπιπνοίας
789 796 953 904 μετασχῶη
973 802 1030 881 τῆς
1050 796 1124 878 όμεί
1122 821 1165 861 νω
1178 795 1279 878 Ἀδόμ
1302 792 1415 877 χοϊκός,

356 887 408 951 30.
440 885 504 946 Καί
526 882 603 965 πρὸς
625 884 752 1031 φθοράν
772 880 1007 964 κατολιοθήσας
1027 881 1220 971 μυναικείιι’
1204 908 1262 945 οπο
1270 906 1320 967 τη

434 968 560 1076 Χριστδ
563 994 579 1030 ν
600 967 723 1075 γυναικδ
726 991 742 1042 ς
761 973 822 1057 βοᾷ
845 970 975 1050 ἒξσρῶν·

434 1048 532 1116 ‘061
557 1053 609 1134 ἔμε
630 1051 694 1126 κατ’
720 1053 734 1115 ἔ
733 1033 940 1135 μὲγεμονολς,
969 1047 1104 1136 ίίμσς3
1077 1075 1100 1114 ει
1122 1052 1216 1137 κόριε.

481 1155 676 1289 Σόμμορφσς
705 1204 835 1287 πηλίνης
856 1202 998 1277 εότελσῦς
1019 1202 1176 1310 διαρτίας,
1203 1204 1340 1288 Χριστε,
1371 1227 1417 1287 γε·

439 1372 502 1435 Καὶ
523 1378 638 1481 μετοχῇ
662 1371 777 1483 σηρκδς
791 1376 853 1455 τῆς
870 1372 923 1452 χεί
909 1285 1138 1478 66676666666
1158 1371 1249 1448 θείας
1268 1367 1396 1520 φότλης,

354 1458 407 1522 35.
440 1456 560 1565 B6666c
581 1458 724 1563 πεφυκὼς
744 1458 795 1521 καί
815 1456 923 1537 μείνας
948 1452 1038 1534 Θεός,

438 1540 543 1604 Καὶ
526 1540 698 1623 ανυφοόσας
709 1537 757 1606 τό
778 1533 908 1627 νίρσις“
891 1545 999 1623 ημῶν,
1027 1538 1113 1623 ἅγιος
1133 1534 1216 1604 εί’
1180 1564 1274 1625 κυριε.

483 1695 628 1774 Βηθλεεμ
650 1692 832 1802 εὐφραίνου,
858 1689 1017 1777 ἡγεμόνων
1035 1687 1140 1757 Ἰοόδα
1159 1692 1320 1774 βασίλειοι

443 1780 507 1841 Τδν
523 1777 704 1882 Ἰσραὴλ
671 1802 759 1886 γαρ
752 1774 768 1840 6
791 1779 973 1859 ποιμαίνων,

435 1859 640 1967 Χερουβὶμι
628 1887 643 1925 ο
667 1860 759 1926 ίπ’”
735 1886 839 1943 ωμων,

355 1946 407 2010 40
435 1943 488 2009 Ἕκ
512 1952 569 2009 σου
591 1946 755 2026 προελθὼν
774 1943 916 2050 Χριστός
937 1945 1084 2049 ἐμφανῶς

440 2029 543 2091 Καί
527 2027 698 2111 ανυψιόοας
718 2029 753 2095 τὸ
778 2025 905 2116 κέρσς”
889 2036 989 2112 ημῶν,

440 2111 577 2179 Πάντων
601 2116 788 2196 ἕ.βαοίλευσε

478 2263 611 2347 Ῥάβδος
632 2267 664 2330 ἐκ
686 2273 743 2347 τῆς
764 2266 848 2353 ῥίζης
865 2264 991 2346 Ἰεσσαί,

438 2352 503 2415 Καὶ
526 2351 625 2425 άνθος
646 2351 737 2426 δξ’
699 2360 812 2434 αυτῆ,ς
838 2350 968 2458 Χριοτί,

298 2481 302 2488 -
356 2436 409 2502 45.
433 2435 489 2498 Ἐκ
510 2443 566 2517 τῆς
587 2436 747 2542 παρθένου
759 2379 1016 2516 άνεβλάοτηοας,
1087 2499 1089 2506 ,

436 2518 527 2596 Ἐξ”
509 2545 602 2605 ορσυς
625 2546 640 2584 ο
628 2517 783 2597 ‘almae
805 2520 990 2599 κατασκίσυ,
1022 2519 1135 2595 δαοίος
1153 2512 1261 2626 ἦλθες,

440 2605 625 2712 Σηρκωθεις
645 2606 676 2681 ἐξ
681 2601 922 2715 άπειράνδρφυ,
952 2600 969 2669 ὃ
992 2602 1087 2681 άϋλος
1108 2606 1159 2671 καὶ
1185 2601 1274 2684 Θεός,

441 2688 531 2766 Δόξα
553 2699 591 2777 τῇ
615 2688 741 2773 δυνάμει
763 2716 820 2756 σου
842 2686 936 2775 κόρα.

475 2822 536 2890 Ὃν
557 2823 652 2890 πάλαι
674 2833 816 2910 προεῖπεν
828 2824 944 2903 Ἰακῶβ
965 2826 1067 2889 ἐθνῶν

356 2911 409 2976 50.
436 2907 640 3017 Ἀπεκδρχὴν,
662 2910 798 2992 Χριστέ,
822 2908 922 2995 φυλῆς
937 2906 1049 2973 Ἰοόδα
1072 2908 1268 2988 ίξανότειλας,
1412 2962 1420 2971 .

442 2995 505 3057 Καί
527 2993 657 3102 δύναμιν
678 2997 871 3102 Δαμασκοῦ,
902 2995 1082 3077 Σαμαρείας
1104 2992 1201 3059 σκῦλά
1221 3019 1253 3058 τε
1274 2987 1374 3078 ἦλθες

442 3077 683 3162 Προνομεόοος,
714 3077 834 3162 πλάνην
857 3079 974 3187 τρόπων
997 3080 1041 3154 είς
1062 3078 1165 3167 πίστιν
1187 3084 1359 3165 θεοπρεπῆ.

441 3161 531 3241 Δόξα
510 3172 592 3251 στῇ
614 3163 740 3247 δυνάμει
763 3188 819 3229 σου
839 3161 933 3251 κόριε.

490 3303 558 3364 T66
578 3298 718 3407 μάρτεως
741 3298 836 3362 πάλαι
858 3299 995 3405 Βαλαάμ
1016 3303 1079 3361 τῶν
1100 3294 1199 3381 λόγων
1218 3295 1351 3381 μυητάς,

358 3383 412 3449 55.
440 3382 636 3490 Σοφρδς,’
620 3380 869 3490 αστερσσκόπσυς
887 3390 990 3465 χαράς
1010 3380 1155 3463 ε’πλησος,

440 3463 555 3548 Ἀστὴρ
578 3467 610 3531 lu
635 3471 691 3538 τοῦ
706 3465 823 3545 Ἴακῶβ
844 3465 1006 3539 ἀνατείλας
1028 3464 1179 3529 δίσπστα·

437 3549 602 3615 Ἕθνῶν’
584 3551 727 3657 απορχὴν
749 3551 961 3655 είςογομίνους
979 3547 1070 3624 ἓδίξω
1093 3551 1127 3614 δὲ
1148 3557 1334 3637 προφανῶς·

444 3633 533 3711 Δόξα
557 3642 595 3722 τῇ
618 3632 744 3718 δυνάμει
765 3660 822 3701 σου
844 3632 939 3720 κόριε.

480 3766 538 3846 Ὡς
565 3767 650 3855 πόκῳ
671 3772 783 3875 ηαστρί
804 3775 978 3877 παρθενικῇ
998 3769 1131 3852 κατέβης
1151 3748 1260 3853 Ιαἰετός,
1291 3770 1425 3856 Χρισῐί,

360 3857 413 3921 00.
440 3851 570 3930 Καλῶς
592 3854 738 3937 σταγόνες
759 3856 791 3919 ἐν
813 3861 852 3940 66
874 3851 1052 3933 οτάζσυσαι.

443 3941 600 4014 Λίθίοπες
636 3940 687 4003 καί
718 3919 852 4025 Θάρσεις
885 3941 937 4003 καί
966 3935 1111 4046 Ἀράβων
1140 3939 1233 4021 νῆσοί
1260 3963 1293 4003 τε
1320 3942 1423 4032 Σαβᾷ,

443 4105 559 4214 Πάσης
579 4115 636 4213 669
657 4114 843 4218 κρατοῦντες
863 4021 1229 4193 666967661666w661'
1144 4103 1260 4192 σωτήρ.

445 4188 536 4268 Δόξα
557 4198 596 4279 τῇ
619 4193 745 4276 δυνάμει
767 4217 825 4259 σου
846 4188 941 4278 κόριε,

490 4326 615 4403 Θεδς”
590 4353 650 4393 ων
646 4325 795 4413 είρὴνης,
823 4327 980 4413 ποτὴρ’
933 4333 1127 4478 ὸσικτιρμῶν,

361 4417 415 4481 05.
451 4415 520 4496 Τῆς
537 4408 674 4498 μεγάλης
693 4418 811 4496 βουλῆς
833 4436 893 4481 σου
913 4412 949 4479 τὸ
951 4441 968 4480 ν
990 4410 1127 4498 ἄγγελον,
