3542 5325
545 2090 1178 2205 unumunurn.
1353 2061 1361 2195 ζ
1393 2019 1401 2074 ²

771 2456 960 2469 annm—num·—

336 2761 462 2876 Nihil
493 2798 663 2864 admodum
691 2799 817 2880 habeo,
848 2800 890 2866 mi
911 2802 1050 2883 Lector,
1080 2801 1165 2891 quod
1187 2803 1401 2871 Praefatioui's
1489 2820 1492 2832 '

336 2924 408 2987 loon
440 2917 704 3006 praemittendum
743 2917 874 2995 duuam,
920 2921 978 2986 uisi
1022 2931 1057 2988 ut
1084 2923 1207 2990 veniam
1241 2933 1347 3012 petam
1374 2921 1402 2988 si

336 3036 496 3105 Thesauri
517 3036 585 3119 mei
602 3037 764 3124 pomoeria
780 3036 961 3104 extendisse
975 3048 1071 3127 atque
1092 3063 1133 3106 ex
1149 3041 1265 3130 prioris
1280 3038 1402 3131 oonsiiii

337 3146 490 3244 angustiis
505 3154 535 3218 in
554 3153 703 3222 liberiora
719 3155 820 3243 spatia
834 3153 982 3222 eduxisse
1004 3154 1124 3230 videar.
1176 3154 1305 3244 Etenim
1331 3177 1403 3223 oum

337 3269 474 3340 Latinae
496 3270 651 3355 ecclesiae
674 3274 823 3362 Hymnus
852 3273 1084 3359 eeclesiastioos
1103 3260 1303 3364 colligendos
1322 3259 1401 3345 sillu-
1462 3309 1468 3317 »

338 3389 549 3478 strandusque
561 3387 782 3481 suscepissem,
807 3391 941 3458 verebar
954 3390 1103 3459 ue'huius
1116 3393 1214 3460 seuuii
1237 3376 1403 3484 ingenium

338 3509 570 3587 turbulentum,
610 3511 641 3576 in
671 3511 745 3576 rixis
776 3531 815 3575 ac
840 3509 937 3598 spinis
963 3508 1168 3600 aucupatum,
1209 3490 1401 3578 suasissimis

338 3629 491 3717 antiquae·
511 3626 668 3694 e'uoiesia'e
692 3614 884 3694 carminibus
900 3629 1119 3718 obstreperet:
1146 3651 1207 3696 neo
1222 3620 1405 3719 cogitabam
1471 3628 1475 3637 ’

339 3745 407 3816 iore
429 3753 464 3812 ut
489 3757 522 3810 et
552 3746 582 3810 in
605 3746 755 3812 Romana
780 3755 813 3813 et
843 3746 874 3811 in
900 3736 1148 3813 Protestantium
1181 3728 1425 3814 eeclesiarum

339 3864 427 3930 multi
441 3863 569 3952 'uoeptis
589 3863 755 3944 faverent,
781 3858 877 3954 atqu'e
899 3861 981 3930 adeo
996 3864 1211 3931 ‘sinemurum
1240 3848 1403 3932 desiderass
1508 3955 1510 3961 Ι

273 4032 276 4036 -
340 3992 412 4049 rent
434 3960 624 4049 auctum'et
649 3963 810 4060 orientalis¹
837 3981 978 4072 regionis
1001 3976 1136 4073 gemmis
1163 3993 1197 4050 et
1219 3981 1405 4075 margaritis

311 4101 575 4193 -iooupietatum.
639 4100 713 4167 Non
742 4088 816 4167 mihi
838 4094 871 4168 id
899 4101 1023 4181 tribuo;
1062 4100 1138 4168 satis
1169 4102 1252 4170 enim
1277 4099 1344 4168 seio
1373 4099 1406 4177 in

340 4216 448 4286 multis
478 4218 619 4287 mihimet
656 4219 714 4310 ipsi
748 4242 800 4286 me
835 4204 902 4287 uon
929 4218 1005 4286 setis
1031 4217 1154 4288 senisse.
1227 4216 1297 4295 sed,
1323 4196 1411 4315 sputi
