3542 5325
864 666 907 716 lV

350 842 550 914 Germanos,
590 836 732 925 hughe,
769 834 882 903 Gallos
912 858 1028 903 novum
1058 832 1194 901 studium
1223 826 1340 895 exarsit
1368 825 1416 890 rei

260 989 262 993 ·
350 953 620 1048 hymnologiam,
661 951 744 1021 adeo
777 954 982 1023 admirandus
1012 950 1269 1038 incredibilisque
1304 966 1416 1055 cursus

351 1076 392 1156 ad
422 1097 548 1145 omnem
580 1074 798 1140 excellentiam
825 1074 941 1143 sactus.
1004 1073 1117 1161 ltaque
1143 1066 1298 1134 benevole
1323 1085 1417 1129 eece·

351 1201 468 1285 perunt
486 1192 647 1281 copiosam
671 1193 918 1281 supellectilem,
959 1217 1021 1283 qua
1045 1188 1194 1280 expedita
1224 1184 1273 1251 via
1297 1181 1337 1249 ad
1365 1204 1416 1247 sa-

353 1335 429 1382 crae
467 1311 574 1401 poesis
609 1308 748 1395 indolem
793 1311 972 1379 accuratius
1013 1306 1266 1402 perspiciendam
1304 1309 1416 1389 aperta

355 1453 426 1500 esse
442 1430 617 1497 videbatur.
666 1429 742 1515 Ego
761 1451 836 1497 vero
856 1431 888 1496 in
914 1430 976 1497 hac
990 1440 1082 1520 parte
1097 1428 1171 1496 mihi
1187 1417 1416 1492 elaborandum

354 1572 427 1620 esee
442 1572 577 1637 aequum
602 1547 753 1627 iudicavi,
786 1558 821 1615 ut
837 1550 1037 1616 Graecorum
1058 1550 1278 1637 Syrorumque
1303 1535 1416 1605 carmi·

355 1692 398 1736 na
437 1691 529 1736 sacra
558 1667 589 1733 in
625 1666 711 1733 cultu
744 1691 837 1734 sacro
872 1667 1013 1735 adhibita
1041 1665 1218 1742 fautoribus
1256 1659 1418 1725 offerrem.

355 1789 478 1876 Copias
500 1790 718 1873 Armenosque
751 1769 791 1852 eo
825 1787 952 1852 nomine
983 1786 1174 1853 omittendos
1197 1788 1292 1872 puto,
1330 1770 1417 1864 quod

340 1899 464 1996 'pauca
488 1902 706 1971 tantummodo
738 1907 878 1973 carmina
908 1928 1019 1972 eorum
1055 1926 1147 1971 sacra
1174 1924 1194 1967 e
1224 1892 1416 1965 membranis

278 2090 285 2103 ,
355 2033 446 2091 eruta
460 2033 549 2089 sunt.
588 2022 706 2132 quippp
725 2038 808 2112 qua'e
830 2026 861 2090 in
861 2024 996 2120 ριίιιῑί
1016 2022 1112 2092 studii
1134 2021 1182 2087 sui
1201 2017 1337 2107 gratiam
1361 2034 1418 2077 ex·

257 2171 262 2183 ι
355 2143 549 2233 scripserunt
574 2125 705 2206 barum
718 2121 894 2209 litterarum
918 2135 1059 2210 amantes
1080 2141 1176 2229 atque
1194 2135 1298 2228 periti
1350 2130 1420 2197 Ne·

355 2282 419 2349 que
448 2282 521 2328 cum
546 2258 682 2325 Graecis
710 2259 836 2347 quidem
860 2261 1015 2351 Syrisque
1040 2259 1174 2327 illusis
1166 2281 1234 2348 rpse
1262 2252 1418 2320 rationem

355 2378 476 2447 habere
501 2378 588 2467 potui
620 2378 661 2442 ob
682 2399 794 2445 causas
820 2404 899 2469 quas
932 2403 1042 2447 omnes
1079 2396 1330 2445 commemorare
1352 2392 1415 2436 non

273 2533 283 2548 =
356 2506 406 2567 est
441 2518 592 2576 necesse;
641 2498 812 2587 praecipue
846 2510 957 2565 tamen·
983 2498 1063 2565 haec
1097 2507 1184 2576 erat,
1227 2490 1311 2584 quod
1329 2488 1418 2574 ‚ani-

277 2629 280 2646 ·'
356 2616 756 2708 mumoccupatumhabui
776 2592 961 2699 inchoatis,
985 2618 1011 2690 si
1034 2640 1097 2686 non
1122 2615 1223 2685 doctis
1243 2623 1348 2679 tamen
1372 2606 1418 2675 la·

356 2734 501 2861 bpriosis
818 2829 822 2838 Ι
884 2832 888 2841 Ι

372 2960 378 3049 '.
460 2974 547 3083 1)ιιιιι
567 2975 672 3044 animo
692 2962 909 3060 distrahebas,
941 3003 1013 3047 cum
1035 2980 1098 3047 hoo
1128 2977 1202 3045 mihi
1222 2936 1419 3068 probabilius

357 3104 423 3189 tum
450 3062 546 3191 illud
567 3092 761 3176 ridebatur,
807 3098 909 3167 adfuit
938 3099 1091 3167 dubitanti
1134 3097 1220 3165 Rei
1238 3084 1420 3164 nholdi

356 3184 642 3281 Vormbeumi
657 3212 793 3282 eruditio
823 3229 942 3306 atque
946 3218 1132 3286 humanitas
1197 3216 1312 3284 Gravis
1335 3216 1419 3283 euim

358 3338 393 3398 et
420 3327 532 3400 doctus
570 3331 775 3419 adolescens,
821 3359 841 3404 a
870 3358 935 3426 quo
972 3332 1093 3426 optima
1129 3359 1275 3425 quaeque
1307 3357 1419 3423 exspe-

358 3447 437 3519 ctari
474 3461 626 3539 possunt,
669 3476 780 3547 amore
815 3454 850 3521 in
875 3454 1136 3546 'Hymnologiam
1178 3454 1336 3543 antiquam
1373 3452 1421 3547 in·

357 3546 556 3649 flammatus,
602 3593 674 3655 cum
700 3572 732 3642 iu
763 3573 934 3641 Thesauro
967 3582 1077 3640 nostro
1107 3574 1235 3669 Graeca
1264 3571 1420 3638 carmina-

357 3680 583 3776 desideraret
633 3691 703 3781 ipse
745 3692 901 3761 acerrimo
946 3691 1052 3761 studio
1091 3664 1235 3758 la'cuoam
1274 3689 1421 3782 expleve-

332 3815 419 3885 rat
487 3805 612 3876 Obtulit
638 3810 714 3878 mihi
743 3811 790 3877 rir
814 3807 998 3899 praeclarus
1018 3810 1218 3877 Greecomm
1246 3810 1420 3897 carminum
1464 3870 1468 3877 ,

358 3918 505 4008 volumen
529 3924 769 4020 diligentissime
792 3938 967 3994 exaratum.
1018 3927 1095 4016 Ego
1119 3940 1154 3997 ut
1172 3926 1249 3996 illud
1274 3939 1421 4019 augeret,

358 4049 485 4111 auctum
507 4032 612 4113 denuo
630 4044 856 4159 perlustraret,
895 4044 1033 4135 denique
1053 4046 1224 4117 Thesauro
1250 4060 1359 4117 nostro
1384 4047 1421 4113 li·
1490 4133 1493 4143 Ι

357 4140 477 4263 bellum
505 4159 700 4258 adiungeret
731 4154 825 4231 etiam
854 4174 950 4254 atque
982 4165 1076 4251 etiam
1112 4168 1276 4256 rogabam
1344 4167 1420 4235 Non

357 4256 487 4371 occavit
518 4281 761 4350 Vormhaumius
793 4282 879 4375 quod
907 4293 1089 4379 optaveram
1121 4310 1181 4355 nec
1212 4287 1311 4356 deluit
1338 4287 1423 4378 opti·
