3542 5325
354 795 1467 890 muerlpmslml-wussrem-w·

356 942 488 1009 ,amp
524 918 676 1020 ,ap-{aa
709 936 817 1010 aas.»
850 923 1010 994 {Q
1043 936 1122 1013 ,aaa
1162 936 1318 1017 maara
1355 926 1419 1015 'rt'

357 1056 545 1129 ,ἱλαρῶν
572 1048 639 1112 uio
666 1052 792 1123 liam
827 1051 898 1142 ΕΣ]
936 1059 1096 1129 :pita-52
1132 1065 1244 1149 forins
1273 1054 1331 1112 &a
1367 1055 1421 1132 ipio

771 1179 876 1269 *ΕΔ
906 1173 996 1257 '¹⁴5³’
1023 1202 1116 1267 ²¹50?
1145 1180 1288 1275 m?
1315 1203 1420 1277 ΕΗ

424 1398 561 1467 Hymnus:
579 1397 695 1447 Fratres
704 1396 760 1447 mei
773 1397 866 1447 canite
876 1395 999 1463 gloriam
1005 1395 1205 1447 FilioDomini
1215 1397 1419 1460 universorum,

357 1485 404 1552 qui
418 1497 554 1534 coronam
567 1480 649 1532 vobis
660 1480 759 1531 nexuit
769 1479 804 1530 de
814 1480 940 1533 iordane
951 1480 1048 1531 liuvio.
1061 1508 1093 1517 -
1108 1479 1333 1533 illustrata'sunt
1341 1482 1419 1533 vesti·

356 1573 452 1618 menta
461 1573 557 1617 vestra
566 1563 671 1615 fratres
681 1565 738 1615 mei
748 1565 839 1614 instar
848 1562 929 1626 solis,
938 1570 967 1615 et
976 1564 1179 1631 splenduerunt
1189 1566 1303 1631 species
1312 1572 1419 1617 vestrae

355 1653 447 1702 instar
461 1651 642 1718 Angelorum.
655 1677 688 1686 -
707 1649 804 1715 instar,
812 1648 984 1715 Angelorum
1003 1648 1172 1699 ascendistis
1187 1649 1333 1700 carissimi
1349 1650 1419 1702 eba-

356 1736 489 1802 ptisterio
505 1750 556 1801 per
569 1734 700 1785 virtutem
717 1731 839 1798 Spiritus
855 1732 963 1784 Sancti.
974 1760 1007 1772 -
1025 1732 1255 1783 intransitorium
1269 1730 1419 1785 thalamun

355 1818 460 1870 fratres
477 1819 542 1881 mei,
557 1817 708 1886 accepistis
719 1823 748 1867 et
758 1817 880 1884 gloriam
892 1816 969 1867 Adae
980 1814 1067 1868 hodie
1077 1816 1220 1868 induistis.
1234 1846 1267 1854 -
1285 1818 1419 1871 iudicium

358 1919 373 1954 e
393 1901 488 1953 fructu
507 1902 594 1951 Adam
616 1902 786 1967 promeruit,
809 1898 896 1951 hodie
915 1916 984 1952 vero
1006 1900 1088 1951 vobis
1107 1901 1231 1952 victoria
1252 1902 1378 1955 conlata.
1393 1931 1421 1940 -

357 1986 496 2052 Speciosa
512 1993 578 2038 sunt
590 1986 760 2036 vestimenta
774 1992 869 2036 vestra
886 1990 916 2036 et
923 1983 1064 2051 'pulchrae
1075 1999 1202 2035 coronae
1211 1992 1341 2050 restrae,
1357 2003 1421 2055 quas

356 2071 439 2121 vobis
450 2067 537 2119 hodie
547 2069 789 2140 persacerdotem
801 2068 1013 2136 Primogenitus
1024 2070 1166 2120 nexuit-
1179 2069 1239 2121 Vae
1250 2070 1281 2120 in
1291 2072 1420 2137 paradiso

356 2153 443 2203 Adam
459 2154 597 2218 suscepit,
613 2159 642 2203 et
656 2153 737 2203 vobis
750 2151 836 2204 hodie
848 2154 972 2205 victoria
987 2168 1124 2204 concessa
1134 2159 1186 2203 est
1199 2181 1232 2190 -
1250 2154 1337 2205 Arma
1348 2156 1420 2207 iusti·

357 2238 416 2287 tiae
438 2236 571 2286 induistis
590 2234 677 2286 hodie
692 2237 721 2285 in
735 2236 861 2288 iordane
876 2236 991 2288 flumine
1005 2252 1056 2303 per
1069 2238 1203 2288 virtutem
1219 2237 1345 2303 Spiritus
1360 2240 1421 2292 San·

358 2321 406 2373 cti.
417 2348 450 2357 -
470 2321 602 2375 Gaudent
617 2321 722 2389 superi,
739 2327 767 2371 et
782 2322 910 2372 exultant
925 2320 1012 2373 inferi
1026 2322 1056 2371 in
1067 2328 1163 2372 vestm
1176 2322 1311 2375 convivio
1322 2322 1421 2376 fratres

358 2405 427 2468 mei,
444 2406 473 2455 in
486 2420 541 2472 quo
557 2404 652 2455 nullae
662 2411 729 2455 sunt
738 2406 847 2456 sordes.
860 2435 892 2443 -
912 2406 1071 2457 Caelestem
1082 2405 1290 2457 beatitudinem
1301 2410 1420 2476 suscepi·

260 2535 263 2539 r
357 2491 419 2552 stis,
432 2489 579 2552 attendite,
590 2503 626 2539 nc
636 2490 776 2557 malignus
786 2490 865 2540 illam
876 2490 959 2541 vobis
969 2490 1082 2555 eripiat
1093 2518 1127 2526 -
1144 2489 1241 2540 Hodie
1251 2499 1371 2543 exortus
1383 2499 1422 2545 sst

358 2590 478 2641 sponsus
489 2574 632 2636 coelestis,
650 2575 697 2640 qui
710 2574 804 2640 aperit
812 2574 895 2624 vobis
905 2574 1019 2624 ianuam
1030 2588 1118 2636 suam,
1134 2588 1242 2641 vosque
1253 2575 1284 2624 in
1295 2576 1375 2628 Eden
1384 2578 1420 2628 in·

358 2658 444 2710 ducit.
457 2688 489 2696 —
509 2659 641 2710 Coronae
653 2657 904 2709 immarcescibiles
915 2658 1056 2724 capitibus
1067 2658 1170 2710 vestris
1179 2658 1335 2725 impositae
1345 2667 1419 2724 sunt;

357 2759 443 2794 voces
464 2743 575 2810 gloriae
590 2742 757 2810 praedicent
772 2757 824 2792 ora
840 2749 945 2794 vestra.
963 2771 995 2783 -
1015 2743 1151 2795 Adamum
1166 2749 1286 2810 propter
1301 2743 1418 2797 intutum

359 2827 458 2880 eduxit
472 2842 533 2876 crim
550 2827 708 2888 maestitia3
731 2827 814 2877 vobis
829 2841 899 2877 vero
916 2842 968 2893 per
984 2842 1072 2894 aquas
1087 2843 1121 2880 en
1136 2825 1279 2879 thalamus
1295 2828 1420 2881 laetitiae

360 2925 521 2960 concessus.
535 2938 567 2947 -
587 2911 657 2970 Quis
672 2926 727 2961 non
743 2910 868 2977 gaudeat
876 2908 981 2961 fratres
993 2910 1050 2961 mei
1059 2911 1089 2959 in
1098 2917 1194 2962 vestro
1207 2909 1347 2977 thalamo,
1363 2930 1421 2966 nam

359 2990 455 3055 Pater,
472 2993 564 3044 Filius
575 3000 603 3044 et
614 2994 736 3060 Spiritus
746 2994 872 3061 gaudent
883 2994 919 3045 de
928 2994 1019 3045 vobis.
1032 3023 1065 3035 -
1083 2995 1193 3062 Vigiles
1209 3000 1239 3047 et
1247 2996 1352 3065 Angeli
1361 3014 1421 3068 gau·

359 3076 427 3128 dent
437 3093 523 3149 snper
533 3079 753 3143 poenitentibus,
770 3078 913 3129 laetentur
923 3080 991 3129 etin
1001 3079 1093 3140 vobis,
1111 3080 1159 3146 qni
1169 3079 1278 3131 similes
1287 3082 1349 3134 illis
1361 3083 1421 3135 elie·

360 3163 398 3213 cti
412 3163 489 3213 estis.
501 3191 533 3199 —
553 3162 681 3225 Fnrctus‚
695 3179 776 3231 quem
786 3178 844 3212 non
854 3162 980 3229 gustavit
990 3162 1076 3213 Adam
1090 3164 1120 3212 in
1134 3162 1285 3229 paradiso,
1301 3164 1422 3219 bodiein

360 3261 410 3297 ore
426 3254 521 3298 vestro
538 3253 622 3314 atque
636 3249 665 3298 in
681 3247 769 3298 corde
785 3254 881 3298 vestro
897 3247 1007 3313 positns
1022 3253 1073 3298 est.
1085 3274 1119 3283 —
1142 3249 1253 3314 Corpus
1268 3264 1352 3302 sunm
1368 3251 1421 3305 Sal·

359 3336 443 3378 vator
461 3338 559 3381 noster
577 3333 779 3399 praefiguravit
796 3332 826 3381 in
839 3331 933 3398 ligno,
954 3330 1029 3398 quod
1044 3346 1102 3381 non
1116 3332 1242 3401 gustavit
1256 3334 1346 3385 Adam
1362 3337 1422 3405 quia

360 3412 498 3478 peccavit.
510 3441 544 3449 —
568 3414 720 3465 Certamen
736 3415 860 3465 instituit
875 3414 1015 3482 malignus
1033 3420 1062 3465 et
1076 3414 1153 3466 Adae
1168 3414 1245 3467 filios
1262 3417 1421 3481 debellavit,

359 3496 389 3546 in
399 3501 494 3545 vestra
504 3501 598 3551 autem
609 3511 704 3562 pugna
712 3496 816 3551 fratres
827 3500 893 3561 mei,
908 3499 958 3551 illc
969 3498 1055 3552 hodie
1065 3489 1193 3552 devictus
1204 3508 1256 3552 est.
1268 3530 1302 3545 -
1319 3504 1422 3572 Magna

360 3586 404 3630 est
412 3579 548 3641 victoria,
565 3593 646 3645 qnam
658 3578 744 3635 hodie
756 3581 908 3645 retulistis;
926 3584 1018 3634 sinon
1030 3583 1182 3647 deficietis,
1198 3600 1342 3659 nunqnam
1354 3589 1420 3667 peri-

359 3664 426 3714 bitis
441 3661 546 3713 fratres
561 3663 626 3712 mei.
643 3692 675 3700 -
699 3664 800 3716 Gloria
810 3666 867 3729 iili,
884 3667 932 3734 qui
948 3666 1023 3718 fllios
1038 3667 1115 3745 Adae
1132 3666 1254 3735 gloriam
1270 3656 1377 3736 induit,
1394 3676 1422 3721 ut

339 3776 342 3784 ·
361 3745 443 3796 huius
463 3739 559 3812 proles
579 3746 702 3799 laetetur
722 3755 751 3805 et
769 3750 964 3803 benedicatur.
980 3779 1014 3789 -
1035 3752 1127 3819 Regni
1141 3753 1297 3819 participes
1312 3754 1361 3809 fac
1377 3770 1422 3823 per

359 3829 559 3884 miserationes
570 3836 633 3881 tuas
643 3833 840 3884 universorum
850 3834 973 3887 Domine
984 3835 1152 3888 adoratores
1162 3843 1228 3888 tuos
1239 3853 1304 3911 cum
1315 3839 1363 3903 iis,
1379 3839 1421 3907 qui

360 3912 522 3964 dilexerunt
531 3921 568 3965 te.
580 3944 613 3952 -
628 3917 669 3967 lte
680 3917 710 3967 in
721 3932 790 3983 pace
802 3917 854 3967 lilii
864 3918 1007 3984 baptismi,
1019 3920 1137 3972 adorate
1149 3923 1279 3986 Crucem,
1291 3939 1365 3995 qnae
1374 3938 1421 3975 vos

361 3997 512 4052 custodiat.

394 4136 448 4184 Ass.
459 4137 509 4183 cod.
519 4136 557 4181 lit.
567 4143 588 4183 8.
599 4156 621 4196 p.
630 4145 676 4187 lit.
687 4157 717 4185 cx
726 4143 774 4189 ord.
782 4145 882 4186 confirm.
902 4144 1006 4188 Eundem
1017 4145 1124 4197 lyam
1134 4146 1191 4191 soci.
1198 4146 1422 4193 mautrauers·

445 4208 469 4247 et
482 4203 521 4246 bic
531 4204 583 4247 iilic
594 4215 705 4252 mutatum
717 4209 786 4252 babes
796 4210 827 4253 ib.
839 4226 861 4266 p.
874 4215 921 4254 158.
937 4213 1013 4265 (tonoz
1029 4213 1280 4271 expergiscimini
1296 4216 1422 4270 vigilate

445 4277 473 4315 st
488 4272 608 4329 canite),
619 4282 738 4329 praeterea
747 4276 779 4319 ib.
794 4293 816 4332 p.
828 4282 874 4321 llil.
887 4283 934 4322 182.
946 4284 993 4322 ibi.
1008 4284 1084 4333 (tonos
1104 4281 1155 4337 qni
1170 4287 1359 4338 pescatoru
1374 4282 1422 4327 ni·

445 4339 581 4395 reseris),
601 4342 702 4397 deniqne
719 4344 764 4386 hnc
781 4345 902 4399 pertinent
917 4347 961 4390 duo
979 4347 1057 4399 bymui
1074 4348 1134 4391 satis
1150 4348 1238 4405 prolixi
1254 4350 1282 4393 ad
1298 4352 1388 4399 nodum
1401 4349 1423 4392 S.

444 4406 582 4465 prr.·pro
598 4423 688 4465 puero
703 4417 732 4455 et
748 4411 850 4468 puella
864 4413 918 4457 ¹iss.
929 4415 1027 4460 cod.lit.
1042 4412 1154 4472 bplwt.
1165 4432 1200 4473 sq.
1211 4430 1243 4461 ax
1252 4416 1424 4465 orulnitiuli
