<?xml version="1.0" encoding="UTF-8"?>
<!DOCTYPE html PUBLIC "-//W3C//DTD XHTML 1.0 Transitional//EN"
    "http://www.w3.org/TR/xhtml1/DTD/xhtml1-transitional.dtd">
<html xmlns="http://www.w3.org/1999/xhtml" xml:lang="en" lang="en">
 <head>
  <title>
</title>
<meta http-equiv="Content-Type" content="text/html;charset=utf-8" />
  <meta name='ocr-system' content='tesseract 3.04.00' />
  <meta name='ocr-capabilities' content='ocr_page ocr_carea ocr_par ocr_line ocrx_word'/>
</head>
<body>
  <div class='ocr_page' id='page_1' title='image "./thesaurushymnol03danigoog_0010.png"; bbox 0 0 3542 5325; ppageno 0'>
   <div class='ocr_carea' id='block_1_1' title="bbox 875 658 919 709">
    <p class='ocr_par' dir='ltr' id='par_1_1' title="bbox 875 658 919 709">
     <span class='ocr_line' id='line_1_1' title="bbox 875 658 919 709; baseline 0.023 -1"><span class='ocrx_word' id='word_1_1' title='bbox 875 658 919 709; x_wconf 82' lang='lat' dir='ltr'><strong>tv</strong></span> 
     </span>
    </p>
   </div>
   <div class='ocr_carea' id='block_1_2' title="bbox 270 816 1515 2701">
    <p class='ocr_par' dir='ltr' id='par_1_2' title="bbox 270 816 1515 2701">
     <span class='ocr_line' id='line_1_2' title="bbox 361 816 1428 918; baseline -0.019 -17"><span class='ocrx_word' id='word_1_2' title='bbox 361 836 561 907; x_wconf 74' lang='lat' dir='ltr'><strong>Garmnnm,</strong></span> <span class='ocrx_word' id='word_1_3' title='bbox 601 830 744 918; x_wconf 80' lang='lat' dir='ltr'><strong>Anglos‚</strong></span> <span class='ocrx_word' id='word_1_4' title='bbox 781 828 895 895; x_wconf 85' lang='lat' dir='ltr'><strong>Gallos</strong></span> <span class='ocrx_word' id='word_1_5' title='bbox 924 850 1040 895; x_wconf 88' lang='lat' dir='ltr'><strong>uorum</strong></span> <span class='ocrx_word' id='word_1_6' title='bbox 1070 823 1206 893; x_wconf 86' lang='lat' dir='ltr'><strong>studium</strong></span> <span class='ocrx_word' id='word_1_7' title='bbox 1235 818 1352 887; x_wconf 83' lang='lat' dir='ltr'><strong>exarsit</strong></span> <span class='ocrx_word' id='word_1_8' title='bbox 1381 816 1428 881; x_wconf 88' lang='lat' dir='ltr'><strong>rei</strong></span> 
     </span>
     <span class='ocr_line' id='line_1_3' title="bbox 362 942 1428 1046; baseline -0.021 -26"><span class='ocrx_word' id='word_1_9' title='bbox 362 947 632 1043; x_wconf 82' lang='lat' dir='ltr'><strong>hymnologicae‚</strong></span> <span class='ocrx_word' id='word_1_10' title='bbox 673 945 756 1014; x_wconf 90' lang='lat' dir='ltr'><strong>adeo</strong></span> <span class='ocrx_word' id='word_1_11' title='bbox 789 945 994 1015; x_wconf 85' lang='lat' dir='ltr'><strong>admirandus</strong></span> <span class='ocrx_word' id='word_1_12' title='bbox 1024 942 1281 1029; x_wconf 78' lang='lat' dir='ltr'><strong>incredibilisque</strong></span> <span class='ocrx_word' id='word_1_13' title='bbox 1317 957 1428 1046; x_wconf 70' lang='lat' dir='ltr'><strong>cursus</strong></span> 
     </span>
     <span class='ocr_line' id='line_1_4' title="bbox 363 1055 1429 1153; baseline -0.018 -16"><span class='ocrx_word' id='word_1_14' title='bbox 363 1070 404 1150; x_wconf 84' lang='lat' dir='ltr'><strong>ad</strong></span> <span class='ocrx_word' id='word_1_15' title='bbox 434 1091 560 1139; x_wconf 82' lang='lat' dir='ltr'><strong>omnent</strong></span> <span class='ocrx_word' id='word_1_16' title='bbox 592 1066 810 1133; x_wconf 85' lang='lat' dir='ltr'><strong>excellentiam</strong></span> <span class='ocrx_word' id='word_1_17' title='bbox 836 1065 953 1135; x_wconf 84' lang='lat' dir='ltr'><strong>sactus.</strong></span> <span class='ocrx_word' id='word_1_18' title='bbox 1017 1066 1129 1153; x_wconf 90' lang='lat' dir='ltr'><strong>ltaque</strong></span> <span class='ocrx_word' id='word_1_19' title='bbox 1155 1055 1310 1126; x_wconf 74' lang='lat' dir='ltr'><strong>benevole</strong></span> <span class='ocrx_word' id='word_1_20' title='bbox 1335 1075 1429 1120; x_wconf 87' lang='lat' dir='ltr'><strong>acco·</strong></span> 
     </span>
     <span class='ocr_line' id='line_1_5' title="bbox 363 1172 1515 1280; baseline -0.019 -24"><span class='ocrx_word' id='word_1_21' title='bbox 363 1196 479 1280; x_wconf 91' lang='lat' dir='ltr'><strong>perunt</strong></span> <span class='ocrx_word' id='word_1_22' title='bbox 498 1186 660 1275; x_wconf 78' lang='lat' dir='ltr'><strong>copiosam</strong></span> <span class='ocrx_word' id='word_1_23' title='bbox 683 1186 930 1274; x_wconf 81' lang='lat' dir='ltr'><strong>supellectilem,</strong></span> <span class='ocrx_word' id='word_1_24' title='bbox 971 1208 1033 1275; x_wconf 88' lang='lat' dir='ltr'><strong>qua</strong></span> <span class='ocrx_word' id='word_1_25' title='bbox 1058 1179 1207 1272; x_wconf 82' lang='lat' dir='ltr'><strong>expedita</strong></span> <span class='ocrx_word' id='word_1_26' title='bbox 1236 1175 1285 1242; x_wconf 86' lang='lat' dir='ltr'><strong>ria</strong></span> <span class='ocrx_word' id='word_1_27' title='bbox 1309 1172 1349 1241; x_wconf 93' lang='lat' dir='ltr'><strong>ad</strong></span> <span class='ocrx_word' id='word_1_28' title='bbox 1377 1194 1429 1238; x_wconf 88' lang='lat' dir='ltr'><strong>sa·</strong></span> <span class='ocrx_word' id='word_1_29' title='bbox 1513 1269 1515 1276; x_wconf 28' lang='grc' dir='ltr'>Ι</span> 
     </span>
     <span class='ocr_line' id='line_1_6' title="bbox 365 1298 1429 1396; baseline -0.02 -20"><span class='ocrx_word' id='word_1_30' title='bbox 365 1330 442 1376; x_wconf 79' lang='lat' dir='ltr'><strong>crae</strong></span> <span class='ocrx_word' id='word_1_31' title='bbox 480 1305 586 1396; x_wconf 86' lang='lat' dir='ltr'><strong>poesis</strong></span> <span class='ocrx_word' id='word_1_32' title='bbox 622 1301 760 1388; x_wconf 75' lang='lat' dir='ltr'><strong>indolem</strong></span> <span class='ocrx_word' id='word_1_33' title='bbox 805 1304 985 1371; x_wconf 79' lang='lat' dir='ltr'><strong>accuratius</strong></span> <span class='ocrx_word' id='word_1_34' title='bbox 1025 1298 1278 1394; x_wconf 84' lang='lat' dir='ltr'><strong>perspiciendam</strong></span> <span class='ocrx_word' id='word_1_35' title='bbox 1317 1300 1429 1381; x_wconf 87' lang='lat' dir='ltr'><strong>aperta</strong></span> 
     </span>
     <span class='ocr_line' id='line_1_7' title="bbox 367 1408 1428 1512; baseline -0.022 -17"><span class='ocrx_word' id='word_1_36' title='bbox 367 1448 439 1495; x_wconf 83' lang='lat' dir='ltr'><strong>osso</strong></span> <span class='ocrx_word' id='word_1_37' title='bbox 454 1423 630 1492; x_wconf 86' lang='lat' dir='ltr'><strong>ridebatur.</strong></span> <span class='ocrx_word' id='word_1_38' title='bbox 678 1422 754 1509; x_wconf 78' lang='lat' dir='ltr'><strong>Ego</strong></span> <span class='ocrx_word' id='word_1_39' title='bbox 774 1444 849 1489; x_wconf 84' lang='lat' dir='ltr'><strong>vcro</strong></span> <span class='ocrx_word' id='word_1_40' title='bbox 868 1423 902 1489; x_wconf 93' lang='lat' dir='ltr'><strong>in</strong></span> <span class='ocrx_word' id='word_1_41' title='bbox 926 1423 988 1490; x_wconf 87' lang='lat' dir='ltr'><strong>bac</strong></span> <span class='ocrx_word' id='word_1_42' title='bbox 1002 1433 1094 1512; x_wconf 88' lang='lat' dir='ltr'><strong>parte</strong></span> <span class='ocrx_word' id='word_1_43' title='bbox 1109 1419 1183 1488; x_wconf 90' lang='lat' dir='ltr'><strong>mibi</strong></span> <span class='ocrx_word' id='word_1_44' title='bbox 1199 1408 1428 1483; x_wconf 88' lang='lat' dir='ltr'><strong>elaborandum</strong></span> 
     </span>
     <span class='ocr_line' id='line_1_8' title="bbox 366 1526 1429 1632; baseline -0.021 -19"><span class='ocrx_word' id='word_1_45' title='bbox 366 1566 439 1614; x_wconf 83' lang='lat' dir='ltr'><strong>esse</strong></span> <span class='ocrx_word' id='word_1_46' title='bbox 454 1565 590 1632; x_wconf 88' lang='lat' dir='ltr'><strong>aequum</strong></span> <span class='ocrx_word' id='word_1_47' title='bbox 615 1539 766 1620; x_wconf 84' lang='lat' dir='ltr'><strong>iudicari,</strong></span> <span class='ocrx_word' id='word_1_48' title='bbox 798 1552 833 1608; x_wconf 94' lang='lat' dir='ltr'><strong>ut</strong></span> <span class='ocrx_word' id='word_1_49' title='bbox 849 1543 1050 1608; x_wconf 87' lang='lat' dir='ltr'><strong>Graecorum</strong></span> <span class='ocrx_word' id='word_1_50' title='bbox 1069 1542 1291 1629; x_wconf 74' lang='lat' dir='ltr'><strong>syrorumque</strong></span> <span class='ocrx_word' id='word_1_51' title='bbox 1316 1526 1429 1597; x_wconf 87' lang='lat' dir='ltr'><strong>carmi·</strong></span> 
     </span>
     <span class='ocr_line' id='line_1_9' title="bbox 368 1650 1430 1736; baseline -0.018 -5"><span class='ocrx_word' id='word_1_52' title='bbox 368 1687 410 1731; x_wconf 89' lang='lat' dir='ltr'><strong>na</strong></span> <span class='ocrx_word' id='word_1_53' title='bbox 450 1685 542 1730; x_wconf 89' lang='lat' dir='ltr'><strong>sacra</strong></span> <span class='ocrx_word' id='word_1_54' title='bbox 571 1660 601 1725; x_wconf 94' lang='lat' dir='ltr'><strong>in</strong></span> <span class='ocrx_word' id='word_1_55' title='bbox 637 1659 723 1727; x_wconf 92' lang='lat' dir='ltr'><strong>cultu</strong></span> <span class='ocrx_word' id='word_1_56' title='bbox 756 1684 849 1727; x_wconf 89' lang='lat' dir='ltr'><strong>sacro</strong></span> <span class='ocrx_word' id='word_1_57' title='bbox 884 1660 1025 1727; x_wconf 87' lang='lat' dir='ltr'><strong>adbibita</strong></span> <span class='ocrx_word' id='word_1_58' title='bbox 1054 1656 1231 1736; x_wconf 76' lang='lat' dir='ltr'><strong>fautoribus</strong></span> <span class='ocrx_word' id='word_1_59' title='bbox 1269 1650 1430 1717; x_wconf 84' lang='lat' dir='ltr'><strong>offerrem.</strong></span> 
     </span>
     <span class='ocr_line' id='line_1_10' title="bbox 368 1761 1430 1871; baseline -0.021 -22"><span class='ocrx_word' id='word_1_60' title='bbox 368 1784 490 1871; x_wconf 81' lang='lat' dir='ltr'><strong>Coptas</strong></span> <span class='ocrx_word' id='word_1_61' title='bbox 512 1784 731 1867; x_wconf 80' lang='lat' dir='ltr'><strong>Armenosque</strong></span> <span class='ocrx_word' id='word_1_62' title='bbox 763 1761 804 1845; x_wconf 85' lang='lat' dir='ltr'><strong>eo</strong></span> <span class='ocrx_word' id='word_1_63' title='bbox 838 1779 965 1845; x_wconf 89' lang='lat' dir='ltr'><strong>nomine</strong></span> <span class='ocrx_word' id='word_1_64' title='bbox 996 1775 1187 1845; x_wconf 84' lang='lat' dir='ltr'><strong>omittendos</strong></span> <span class='ocrx_word' id='word_1_65' title='bbox 1210 1779 1304 1862; x_wconf 79' lang='lat' dir='ltr'><strong>puto,</strong></span> <span class='ocrx_word' id='word_1_66' title='bbox 1343 1761 1430 1855; x_wconf 91' lang='lat' dir='ltr'><strong>quod</strong></span> 
     </span>
     <span class='ocr_line' id='line_1_11' title="bbox 353 1883 1430 1991; baseline -0.018 -24"><span class='ocrx_word' id='word_1_67' title='bbox 353 1894 477 1991; x_wconf 60' lang='lat' dir='ltr'><strong>&#39;pauca</strong></span> <span class='ocrx_word' id='word_1_68' title='bbox 500 1895 720 1965; x_wconf 91' lang='lat' dir='ltr'><strong>tantummodo</strong></span> <span class='ocrx_word' id='word_1_69' title='bbox 750 1900 891 1965; x_wconf 84' lang='lat' dir='ltr'><strong>carmina</strong></span> <span class='ocrx_word' id='word_1_70' title='bbox 921 1920 1032 1964; x_wconf 89' lang='lat' dir='ltr'><strong>eorum</strong></span> <span class='ocrx_word' id='word_1_71' title='bbox 1067 1918 1160 1963; x_wconf 87' lang='lat' dir='ltr'><strong>sacra</strong></span> <span class='ocrx_word' id='word_1_72' title='bbox 1188 1917 1206 1958; x_wconf 91' lang='lat' dir='ltr'><strong>e</strong></span> <span class='ocrx_word' id='word_1_73' title='bbox 1237 1883 1430 1957; x_wconf 73' lang='lat' dir='ltr'><strong>membranis</strong></span> 
     </span>
     <span class='ocr_line' id='line_1_12' title="bbox 290 2008 1431 2126; baseline -0.017 -39"><span class='ocrx_word' id='word_1_74' title='bbox 290 2085 298 2098; x_wconf 79' lang='grc'><strong><em>,</em></strong></span> <span class='ocrx_word' id='word_1_75' title='bbox 368 2028 459 2086; x_wconf 84' lang='lat' dir='ltr'><strong>cruta</strong></span> <span class='ocrx_word' id='word_1_76' title='bbox 473 2029 562 2084; x_wconf 88' lang='lat' dir='ltr'><strong>sunt:</strong></span> <span class='ocrx_word' id='word_1_77' title='bbox 601 2015 718 2126; x_wconf 79' lang='lat' dir='ltr'><strong>quippo</strong></span> <span class='ocrx_word' id='word_1_78' title='bbox 738 2030 821 2122; x_wconf 79' lang='lat' dir='ltr'><strong>quae</strong></span> <span class='ocrx_word' id='word_1_79' title='bbox 842 2018 874 2083; x_wconf 89' lang='lat' dir='ltr'><strong>in</strong></span> <span class='ocrx_word' id='word_1_80' title='bbox 896 2016 1009 2108; x_wconf 64' lang='lat' dir='ltr'><strong>priuati</strong></span> <span class='ocrx_word' id='word_1_81' title='bbox 1029 2013 1125 2083; x_wconf 88' lang='lat' dir='ltr'><strong>studii</strong></span> <span class='ocrx_word' id='word_1_82' title='bbox 1147 2011 1194 2080; x_wconf 86' lang='lat' dir='ltr'><strong>sui</strong></span> <span class='ocrx_word' id='word_1_83' title='bbox 1196 2008 1351 2099; x_wconf 80' lang='lat' dir='ltr'><strong>gratiam</strong></span> <span class='ocrx_word' id='word_1_84' title='bbox 1375 2025 1431 2069; x_wconf 85' lang='lat' dir='ltr'><strong>ex·</strong></span> 
     </span>
     <span class='ocr_line' id='line_1_13' title="bbox 270 2113 1433 2228; baseline -0.016 -22"><span class='ocrx_word' id='word_1_85' title='bbox 270 2167 275 2178; x_wconf 50' lang='grc' dir='ltr'><strong>ι</strong></span> <span class='ocrx_word' id='word_1_86' title='bbox 368 2138 562 2228; x_wconf 85' lang='lat' dir='ltr'><strong>scripserunt</strong></span> <span class='ocrx_word' id='word_1_87' title='bbox 587 2115 717 2200; x_wconf 75' lang='lat' dir='ltr'><strong>harum·-</strong></span> <span class='ocrx_word' id='word_1_88' title='bbox 730 2113 907 2201; x_wconf 86' lang='lat' dir='ltr'><strong>litterarum</strong></span> <span class='ocrx_word' id='word_1_89' title='bbox 931 2127 1072 2202; x_wconf 83' lang='lat' dir='ltr'><strong>amantes</strong></span> <span class='ocrx_word' id='word_1_90' title='bbox 1093 2144 1188 2221; x_wconf 87' lang='lat' dir='ltr'><strong>atque</strong></span> <span class='ocrx_word' id='word_1_91' title='bbox 1202 2125 1311 2220; x_wconf 88' lang='lat' dir='ltr'><strong>periti.</strong></span> <span class='ocrx_word' id='word_1_92' title='bbox 1363 2121 1433 2189; x_wconf 78' lang='lat' dir='ltr'><strong>Ne·</strong></span> 
     </span>
     <span class='ocr_line' id='line_1_14' title="bbox 368 2244 1431 2345; baseline -0.016 -22"><span class='ocrx_word' id='word_1_93' title='bbox 368 2277 432 2345; x_wconf 88' lang='lat' dir='ltr'><strong>que</strong></span> <span class='ocrx_word' id='word_1_94' title='bbox 461 2277 532 2321; x_wconf 93' lang='lat' dir='ltr'><strong>cum</strong></span> <span class='ocrx_word' id='word_1_95' title='bbox 559 2253 695 2319; x_wconf 82' lang='lat' dir='ltr'><strong>Graecis</strong></span> <span class='ocrx_word' id='word_1_96' title='bbox 723 2251 849 2341; x_wconf 90' lang='lat' dir='ltr'><strong>quidem</strong></span> <span class='ocrx_word' id='word_1_97' title='bbox 873 2254 1027 2343; x_wconf 87' lang='lat' dir='ltr'><strong>Syrisque</strong></span> <span class='ocrx_word' id='word_1_98' title='bbox 1054 2251 1188 2319; x_wconf 86' lang='lat' dir='ltr'><strong>Musis</strong></span> <span class='ocrx_word' id='word_1_99' title='bbox 1178 2272 1247 2339; x_wconf 88' lang='lat' dir='ltr'><strong>rpse</strong></span> <span class='ocrx_word' id='word_1_100' title='bbox 1276 2244 1431 2311; x_wconf 87' lang='lat' dir='ltr'><strong>rationem</strong></span> 
     </span>
     <span class='ocr_line' id='line_1_15' title="bbox 368 2339 1428 2462; baseline -0.016 -21"><span class='ocrx_word' id='word_1_101' title='bbox 368 2373 488 2441; x_wconf 85' lang='lat' dir='ltr'><strong>babere</strong></span> <span class='ocrx_word' id='word_1_102' title='bbox 514 2339 601 2462; x_wconf 86' lang='lat' dir='ltr'><strong>potui</strong></span> <span class='ocrx_word' id='word_1_103' title='bbox 633 2372 674 2437; x_wconf 91' lang='lat' dir='ltr'><strong>ob</strong></span> <span class='ocrx_word' id='word_1_104' title='bbox 696 2392 808 2438; x_wconf 86' lang='lat' dir='ltr'><strong>causas</strong></span> <span class='ocrx_word' id='word_1_105' title='bbox 832 2397 912 2462; x_wconf 87' lang='lat' dir='ltr'><strong>quas</strong></span> <span class='ocrx_word' id='word_1_106' title='bbox 945 2394 1056 2439; x_wconf 83' lang='lat' dir='ltr'><strong>omncs</strong></span> <span class='ocrx_word' id='word_1_107' title='bbox 1092 2386 1343 2438; x_wconf 87' lang='lat' dir='ltr'><strong>commemorare</strong></span> <span class='ocrx_word' id='word_1_108' title='bbox 1366 2382 1428 2426; x_wconf 92' lang='lat' dir='ltr'><strong>non</strong></span> 
     </span>
     <span class='ocr_line' id='line_1_16' title="bbox 286 2478 1431 2591; baseline -0.017 -30"><span class='ocrx_word' id='word_1_109' title='bbox 286 2529 297 2542; x_wconf 77' lang='lat'>=</span> <span class='ocrx_word' id='word_1_110' title='bbox 369 2500 420 2560; x_wconf 86' lang='lat' dir='ltr'><strong>est</strong></span> <span class='ocrx_word' id='word_1_111' title='bbox 456 2512 605 2571; x_wconf 87' lang='lat' dir='ltr'><strong>necesse;</strong></span> <span class='ocrx_word' id='word_1_112' title='bbox 655 2491 826 2580; x_wconf 87' lang='lat' dir='ltr'><strong>praecipue</strong></span> <span class='ocrx_word' id='word_1_113' title='bbox 859 2502 965 2591; x_wconf 82' lang='lat' dir='ltr'><strong>tamen</strong></span> <span class='ocrx_word' id='word_1_114' title='bbox 996 2491 1076 2558; x_wconf 88' lang='lat' dir='ltr'><strong>baec</strong></span> <span class='ocrx_word' id='word_1_115' title='bbox 1110 2499 1197 2565; x_wconf 79' lang='lat' dir='ltr'><strong>erat,</strong></span> <span class='ocrx_word' id='word_1_116' title='bbox 1240 2481 1324 2574; x_wconf 92' lang='lat' dir='ltr'><strong>quod</strong></span> <span class='ocrx_word' id='word_1_117' title='bbox 1342 2478 1431 2565; x_wconf 36' lang='lat' dir='ltr'><strong>,ani-</strong></span> 
     </span>
     <span class='ocr_line' id='line_1_17' title="bbox 291 2596 1431 2701; baseline -0.012 -21"><span class='ocrx_word' id='word_1_118' title='bbox 291 2625 294 2646; x_wconf 87' lang='lat'><em>¹</em></span> <span class='ocrx_word' id='word_1_119' title='bbox 369 2632 456 2679; x_wconf 90' lang='lat' dir='ltr'><strong>mum</strong></span> <span class='ocrx_word' id='word_1_120' title='bbox 470 2620 658 2701; x_wconf 90' lang='lat' dir='ltr'><strong>occupatum</strong></span> <span class='ocrx_word' id='word_1_121' title='bbox 675 2610 769 2679; x_wconf 88' lang='lat' dir='ltr'><strong>habui</strong></span> <span class='ocrx_word' id='word_1_122' title='bbox 789 2614 821 2692; x_wconf 87' lang='lat' dir='ltr'><strong>in</strong></span> <span class='ocrx_word' id='word_1_123' title='bbox 839 2611 974 2690; x_wconf 84' lang='lat' dir='ltr'><strong>chartis,</strong></span> <span class='ocrx_word' id='word_1_124' title='bbox 999 2611 1025 2682; x_wconf 86' lang='lat' dir='ltr'><strong>si</strong></span> <span class='ocrx_word' id='word_1_125' title='bbox 1048 2633 1111 2678; x_wconf 91' lang='lat' dir='ltr'><strong>non</strong></span> <span class='ocrx_word' id='word_1_126' title='bbox 1135 2607 1236 2676; x_wconf 90' lang='lat' dir='ltr'><strong>doctis</strong></span> <span class='ocrx_word' id='word_1_127' title='bbox 1256 2614 1361 2670; x_wconf 87' lang='lat' dir='ltr'><strong>tamen</strong></span> <span class='ocrx_word' id='word_1_128' title='bbox 1385 2596 1431 2666; x_wconf 92' lang='lat' dir='ltr'><strong>la·</strong></span> 
     </span>
    </p>
   </div>
   <div class='ocr_carea' id='block_1_3' title="bbox 370 2729 636 2857">
    <p class='ocr_par' dir='ltr' id='par_1_3' title="bbox 370 2729 636 2857">
     <span class='ocr_line' id='line_1_18' title="bbox 370 2729 636 2857; baseline 0.019 -59"><span class='ocrx_word' id='word_1_129' title='bbox 370 2729 524 2857; x_wconf 68' lang='lat' dir='ltr'><strong>bpriosip</strong></span> <span class='ocrx_word' id='word_1_130' title='bbox 578 2804 581 2809; x_wconf 75' lang='grc'><strong>,</strong></span> <span class='ocrx_word' id='word_1_131' title='bbox 632 2824 636 2843; x_wconf 41' lang='grc' dir='ltr'><strong>ι</strong></span> 
     </span>
    </p>
   </div>
   <div class='ocr_carea' id='block_1_4' title="bbox 302 2928 1436 3775">
    <p class='ocr_par' dir='ltr' id='par_1_4' title="bbox 302 2928 1434 3775">
     <span class='ocr_line' id='line_1_19' title="bbox 302 2928 1433 3065; baseline -0.004 -27"><span class='ocrx_word' id='word_1_132' title='bbox 302 3012 305 3025; x_wconf 91' lang='lat'>·</span> <span class='ocrx_word' id='word_1_133' title='bbox 473 2944 572 3063; x_wconf 85' lang='lat' dir='ltr'><strong>Dum</strong></span> <span class='ocrx_word' id='word_1_134' title='bbox 580 2968 686 3037; x_wconf 90' lang='lat' dir='ltr'><strong>animo</strong></span> <span class='ocrx_word' id='word_1_135' title='bbox 706 2958 923 3065; x_wconf 85' lang='lat' dir='ltr'><strong>distrahebar‚</strong></span> <span class='ocrx_word' id='word_1_136' title='bbox 955 2995 1026 3040; x_wconf 92' lang='lat' dir='ltr'><strong>cum</strong></span> <span class='ocrx_word' id='word_1_137' title='bbox 1048 2972 1112 3038; x_wconf 86' lang='lat' dir='ltr'><strong>boo</strong></span> <span class='ocrx_word' id='word_1_138' title='bbox 1141 2968 1216 3036; x_wconf 91' lang='lat' dir='ltr'><strong>mibi</strong></span> <span class='ocrx_word' id='word_1_139' title='bbox 1237 2928 1433 3061; x_wconf 81' lang='lat' dir='ltr'><strong>probabilius</strong></span> 
     </span>
     <span class='ocr_line' id='line_1_20' title="bbox 371 3054 1434 3179; baseline -0.001 -24"><span class='ocrx_word' id='word_1_140' title='bbox 371 3070 438 3179; x_wconf 80' lang='lat' dir='ltr'><strong>tum</strong></span> <span class='ocrx_word' id='word_1_141' title='bbox 464 3054 559 3157; x_wconf 90' lang='lat' dir='ltr'><strong>illud</strong></span> <span class='ocrx_word' id='word_1_142' title='bbox 581 3060 775 3168; x_wconf 78' lang='lat' dir='ltr'><strong>ridebatur,</strong></span> <span class='ocrx_word' id='word_1_143' title='bbox 821 3091 922 3159; x_wconf 85' lang='lat' dir='ltr'><strong>adluit</strong></span> <span class='ocrx_word' id='word_1_144' title='bbox 951 3091 1105 3159; x_wconf 86' lang='lat' dir='ltr'><strong>dubitanti</strong></span> <span class='ocrx_word' id='word_1_145' title='bbox 1123 3068 1434 3157; x_wconf 83' lang='lat' dir='ltr'><strong>Reinholdi</strong></span> 
     </span>
     <span class='ocr_line' id='line_1_21' title="bbox 370 3180 1433 3299; baseline -0.002 -25"><span class='ocrx_word' id='word_1_146' title='bbox 370 3180 637 3275; x_wconf 84' lang='lat' dir='ltr'><strong>Vormbaumi</strong></span> <span class='ocrx_word' id='word_1_147' title='bbox 671 3204 807 3275; x_wconf 85' lang='lat' dir='ltr'><strong>eruditio</strong></span> <span class='ocrx_word' id='word_1_148' title='bbox 837 3222 934 3299; x_wconf 89' lang='lat' dir='ltr'><strong>atque</strong></span> <span class='ocrx_word' id='word_1_149' title='bbox 959 3210 1146 3278; x_wconf 88' lang='lat' dir='ltr'><strong>humanitas</strong></span> <span class='ocrx_word' id='word_1_150' title='bbox 1210 3207 1326 3275; x_wconf 77' lang='lat' dir='ltr'><strong>Gravis</strong></span> <span class='ocrx_word' id='word_1_151' title='bbox 1349 3207 1433 3273; x_wconf 88' lang='lat' dir='ltr'><strong>euim</strong></span> 
     </span>
     <span class='ocr_line' id='line_1_22' title="bbox 372 3322 1433 3419; baseline -0.003 -26"><span class='ocrx_word' id='word_1_152' title='bbox 372 3335 407 3393; x_wconf 84' lang='lat' dir='ltr'><strong>ct</strong></span> <span class='ocrx_word' id='word_1_153' title='bbox 434 3322 546 3394; x_wconf 90' lang='lat' dir='ltr'><strong>doctus</strong></span> <span class='ocrx_word' id='word_1_154' title='bbox 584 3326 789 3413; x_wconf 86' lang='lat' dir='ltr'><strong>adolescens,</strong></span> <span class='ocrx_word' id='word_1_155' title='bbox 835 3352 855 3397; x_wconf 90' lang='lat' dir='ltr'><strong>a</strong></span> <span class='ocrx_word' id='word_1_156' title='bbox 884 3351 949 3419; x_wconf 90' lang='lat' dir='ltr'><strong>quo</strong></span> <span class='ocrx_word' id='word_1_157' title='bbox 986 3324 1107 3419; x_wconf 79' lang='lat' dir='ltr'><strong>optima</strong></span> <span class='ocrx_word' id='word_1_158' title='bbox 1142 3351 1290 3417; x_wconf 88' lang='lat' dir='ltr'><strong>quaeque</strong></span> <span class='ocrx_word' id='word_1_159' title='bbox 1320 3347 1433 3414; x_wconf 85' lang='lat' dir='ltr'><strong>exspe-</strong></span> 
     </span>
     <span class='ocr_line' id='line_1_23' title="bbox 372 3443 1436 3543; baseline -0.003 -32"><span class='ocrx_word' id='word_1_160' title='bbox 372 3443 451 3513; x_wconf 88' lang='lat' dir='ltr'><strong>ctari</strong></span> <span class='ocrx_word' id='word_1_161' title='bbox 482 3455 640 3543; x_wconf 77' lang='lat' dir='ltr'><strong>possunt,</strong></span> <span class='ocrx_word' id='word_1_162' title='bbox 683 3469 795 3541; x_wconf 85' lang='lat' dir='ltr'><strong>amore</strong></span> <span class='ocrx_word' id='word_1_163' title='bbox 830 3448 863 3514; x_wconf 92' lang='lat' dir='ltr'><strong>in</strong></span> <span class='ocrx_word' id='word_1_164' title='bbox 890 3445 1150 3538; x_wconf 78' lang='lat' dir='ltr'><strong>&#39;Hymuologiam</strong></span> <span class='ocrx_word' id='word_1_165' title='bbox 1193 3446 1351 3535; x_wconf 87' lang='lat' dir='ltr'><strong>antiquam</strong></span> <span class='ocrx_word' id='word_1_166' title='bbox 1379 3443 1436 3509; x_wconf 88' lang='lat' dir='ltr'><strong>in-</strong></span> 
     </span>
     <span class='ocr_line' id='line_1_24' title="bbox 371 3540 1435 3665; baseline -0.003 -33"><span class='ocrx_word' id='word_1_167' title='bbox 371 3540 571 3644; x_wconf 82' lang='lat' dir='ltr'><strong>flammatus,</strong></span> <span class='ocrx_word' id='word_1_168' title='bbox 617 3565 746 3636; x_wconf 89' lang='lat' dir='ltr'><strong>cumin</strong></span> <span class='ocrx_word' id='word_1_169' title='bbox 777 3566 949 3634; x_wconf 79' lang='lat' dir='ltr'><strong>Thesauro</strong></span> <span class='ocrx_word' id='word_1_170' title='bbox 981 3575 1091 3665; x_wconf 87' lang='lat' dir='ltr'><strong>nostro</strong></span> <span class='ocrx_word' id='word_1_171' title='bbox 1122 3566 1250 3647; x_wconf 87' lang='lat' dir='ltr'><strong>Graeca</strong></span> <span class='ocrx_word' id='word_1_172' title='bbox 1279 3563 1435 3631; x_wconf 88' lang='lat' dir='ltr'><strong>carmina·</strong></span> 
     </span>
     <span class='ocr_line' id='line_1_25' title="bbox 372 3658 1435 3775; baseline 0 -27"><span class='ocrx_word' id='word_1_173' title='bbox 372 3674 598 3771; x_wconf 72' lang='lat' dir='ltr'><strong>desideraret,</strong></span> <span class='ocrx_word' id='word_1_174' title='bbox 648 3684 718 3775; x_wconf 87' lang='lat' dir='ltr'><strong>ipso</strong></span> <span class='ocrx_word' id='word_1_175' title='bbox 759 3685 915 3753; x_wconf 85' lang='lat' dir='ltr'><strong>acerrimo</strong></span> <span class='ocrx_word' id='word_1_176' title='bbox 960 3683 1066 3755; x_wconf 83' lang='lat' dir='ltr'><strong>studio</strong></span> <span class='ocrx_word' id='word_1_177' title='bbox 1106 3658 1250 3751; x_wconf 80' lang='lat' dir='ltr'><strong>lacunam</strong></span> <span class='ocrx_word' id='word_1_178' title='bbox 1288 3682 1435 3773; x_wconf 83' lang='lat' dir='ltr'><strong>explere-</strong></span> 
     </span>
    </p>
   </div>
   <div class='ocr_carea' id='block_1_5' title="bbox 265 3800 1484 3893">
    <p class='ocr_par' dir='ltr' id='par_1_5' title="bbox 265 3800 1484 3893">
     <span class='ocr_line' id='line_1_26' title="bbox 265 3800 1484 3893; baseline 0.003 -28"><span class='ocrx_word' id='word_1_179' title='bbox 265 3810 284 3853; x_wconf 83' lang='lat'><strong>-·&#39;</strong></span> <span class='ocrx_word' id='word_1_180' title='bbox 347 3809 433 3880; x_wconf 10' lang='lat' dir='ltr'><strong>*rat</strong></span> <span class='ocrx_word' id='word_1_181' title='bbox 501 3800 626 3870; x_wconf 89' lang='lat' dir='ltr'><strong>Obtulit</strong></span> <span class='ocrx_word' id='word_1_182' title='bbox 653 3804 729 3872; x_wconf 90' lang='lat' dir='ltr'><strong>mibi</strong></span> <span class='ocrx_word' id='word_1_183' title='bbox 757 3803 804 3871; x_wconf 88' lang='lat' dir='ltr'><strong>rir</strong></span> <span class='ocrx_word' id='word_1_184' title='bbox 828 3800 1012 3893; x_wconf 88' lang='lat' dir='ltr'><strong>praeclarus</strong></span> <span class='ocrx_word' id='word_1_185' title='bbox 1033 3803 1233 3871; x_wconf 84' lang='lat' dir='ltr'><strong>Graecorum</strong></span> <span class='ocrx_word' id='word_1_186' title='bbox 1261 3802 1435 3887; x_wconf 87' lang='lat' dir='ltr'><strong>carminum</strong></span> <span class='ocrx_word' id='word_1_187' title='bbox 1479 3861 1484 3869; x_wconf 81' lang='grc'><em>,</em></span> 
     </span>
    </p>
   </div>
   <div class='ocr_carea' id='block_1_6' title="bbox 371 3914 1510 4372">
    <p class='ocr_par' dir='ltr' id='par_1_6' title="bbox 371 3914 1510 4370">
     <span class='ocr_line' id='line_1_27' title="bbox 372 3914 1436 4021; baseline 0.001 -35"><span class='ocrx_word' id='word_1_188' title='bbox 372 3914 521 3987; x_wconf 80' lang='lat' dir='ltr'><strong>volumen</strong></span> <span class='ocrx_word' id='word_1_189' title='bbox 544 3918 784 4021; x_wconf 75' lang='lat' dir='ltr'><strong>diligentissime</strong></span> <span class='ocrx_word' id='word_1_190' title='bbox 806 3932 982 3988; x_wconf 80' lang='lat' dir='ltr'><strong>exaratum.</strong></span> <span class='ocrx_word' id='word_1_191' title='bbox 1033 3920 1110 4010; x_wconf 77' lang='lat' dir='ltr'><strong>Ego</strong></span> <span class='ocrx_word' id='word_1_192' title='bbox 1134 3920 1264 3990; x_wconf 90' lang='lat' dir='ltr'><strong>utillud</strong></span> <span class='ocrx_word' id='word_1_193' title='bbox 1289 3931 1436 4017; x_wconf 80' lang='lat' dir='ltr'><strong>augeret,</strong></span> 
     </span>
     <span class='ocr_line' id='line_1_28' title="bbox 373 4026 1510 4147; baseline 0 -43"><span class='ocrx_word' id='word_1_194' title='bbox 373 4045 500 4107; x_wconf 81' lang='lat' dir='ltr'><strong>auctum</strong></span> <span class='ocrx_word' id='word_1_195' title='bbox 523 4026 627 4106; x_wconf 79' lang='lat' dir='ltr'><strong>denuo</strong></span> <span class='ocrx_word' id='word_1_196' title='bbox 645 4038 870 4131; x_wconf 85' lang='lat' dir='ltr'><strong>perlustraret,</strong></span> <span class='ocrx_word' id='word_1_197' title='bbox 909 4037 1048 4147; x_wconf 84' lang='lat' dir='ltr'><strong>denique</strong></span> <span class='ocrx_word' id='word_1_198' title='bbox 1068 4039 1239 4109; x_wconf 78' lang='lat' dir='ltr'><strong>&#39;l&#39;besauro</strong></span> <span class='ocrx_word' id='word_1_199' title='bbox 1265 4051 1374 4108; x_wconf 90' lang='lat' dir='ltr'><strong>nostro</strong></span> <span class='ocrx_word' id='word_1_200' title='bbox 1398 4038 1437 4105; x_wconf 89' lang='lat' dir='ltr'><strong>li·</strong></span> <span class='ocrx_word' id='word_1_201' title='bbox 1507 4124 1510 4135; x_wconf 31' lang='grc' dir='ltr'>Ι</span> 
     </span>
     <span class='ocr_line' id='line_1_29' title="bbox 371 4152 1435 4259; baseline 0.003 -38"><span class='ocrx_word' id='word_1_202' title='bbox 371 4152 492 4259; x_wconf 80' lang='lat' dir='ltr'><strong>bollum</strong></span> <span class='ocrx_word' id='word_1_203' title='bbox 520 4154 714 4253; x_wconf 77' lang='lat' dir='ltr'><strong>adiungeret</strong></span> <span class='ocrx_word' id='word_1_204' title='bbox 746 4159 839 4225; x_wconf 89' lang='lat' dir='ltr'><strong>etiam</strong></span> <span class='ocrx_word' id='word_1_205' title='bbox 869 4166 965 4248; x_wconf 87' lang='lat' dir='ltr'><strong>atque</strong></span> <span class='ocrx_word' id='word_1_206' title='bbox 997 4158 1091 4245; x_wconf 77' lang='lat' dir='ltr'><strong>etiam</strong></span> <span class='ocrx_word' id='word_1_207' title='bbox 1127 4160 1291 4253; x_wconf 77' lang='lat' dir='ltr'><strong>rogabam</strong></span> <span class='ocrx_word' id='word_1_208' title='bbox 1359 4157 1435 4225; x_wconf 88' lang='lat' dir='ltr'><strong>Non</strong></span> 
     </span>
     <span class='ocr_line' id='line_1_30' title="bbox 372 4250 1439 4372; baseline 0.003 -29"><span class='ocrx_word' id='word_1_209' title='bbox 372 4250 503 4366; x_wconf 70' lang='lat' dir='ltr'><strong>negarit</strong></span> <span class='ocrx_word' id='word_1_210' title='bbox 533 4277 776 4348; x_wconf 85' lang='lat' dir='ltr'><strong>Vormbaumius</strong></span> <span class='ocrx_word' id='word_1_211' title='bbox 808 4276 895 4369; x_wconf 91' lang='lat' dir='ltr'><strong>quod</strong></span> <span class='ocrx_word' id='word_1_212' title='bbox 922 4288 1104 4372; x_wconf 79' lang='lat' dir='ltr'><strong>optaveram</strong></span> <span class='ocrx_word' id='word_1_213' title='bbox 1136 4301 1196 4347; x_wconf 89' lang='lat' dir='ltr'><strong>nec</strong></span> <span class='ocrx_word' id='word_1_214' title='bbox 1226 4279 1326 4348; x_wconf 87' lang='lat' dir='ltr'><strong>deluit</strong></span> <span class='ocrx_word' id='word_1_215' title='bbox 1353 4279 1439 4369; x_wconf 86' lang='lat' dir='ltr'><strong>opti·</strong></span> 
     </span>
    </p>
   </div>
   <div class='ocr_carea' id='block_1_7' title="bbox 0 0 1794 5325">
    <p class='ocr_par' dir='ltr' id='par_1_7' title="bbox 0 0 1794 5325">
     <span class='ocr_line' id='line_1_31' title="bbox 0 0 1794 5325; baseline 0 0"><span class='ocrx_word' id='word_1_216' title='bbox 0 0 1794 5325; x_wconf 95' lang='lat' dir='ltr'><strong> </strong></span> 
     </span>
    </p>
   </div>
  </div>
 </body>
</html>
