<?xml version="1.0" encoding="UTF-8"?>
<!DOCTYPE html PUBLIC "-//W3C//DTD XHTML 1.0 Transitional//EN"
    "http://www.w3.org/TR/xhtml1/DTD/xhtml1-transitional.dtd">
<html xmlns="http://www.w3.org/1999/xhtml" xml:lang="en" lang="en">
 <head>
  <title>
</title>
<meta http-equiv="Content-Type" content="text/html;charset=utf-8" />
  <meta name='ocr-system' content='tesseract 3.04.00' />
  <meta name='ocr-capabilities' content='ocr_page ocr_carea ocr_par ocr_line ocrx_word'/>
</head>
<body>
  <div class='ocr_page' id='page_1' title='image "./thesaurushymnol03danigoog_0248.png"; bbox 0 0 3542 5325; ppageno 0'>
   <div class='ocr_carea' id='block_1_1' title="bbox 856 660 949 735">
    <p class='ocr_par' dir='ltr' id='par_1_1' title="bbox 856 660 949 735">
     <span class='ocr_line' id='line_1_1' title="bbox 856 660 949 735; baseline 0.043 -4"><span class='ocrx_word' id='word_1_1' title='bbox 856 660 949 735; x_wconf 68' lang='lat' dir='ltr'>lua</span> 
     </span>
    </p>
   </div>
   <div class='ocr_carea' id='block_1_2' title="bbox 354 806 1423 1028">
    <p class='ocr_par' dir='ltr' id='par_1_2' title="bbox 354 806 1423 1028">
     <span class='ocr_line' id='line_1_2' title="bbox 354 806 1423 894; baseline -0.013 -17"><span class='ocrx_word' id='word_1_2' title='bbox 354 817 452 894; x_wconf 78' lang='lat' dir='ltr'>plures</span> <span class='ocrx_word' id='word_1_3' title='bbox 474 808 606 885; x_wconf 80' lang='lat' dir='ltr'>strophas</span> <span class='ocrx_word' id='word_1_4' title='bbox 628 806 779 865; x_wconf 85' lang='lat' dir='ltr'>dividitur.</span> <span class='ocrx_word' id='word_1_5' title='bbox 823 807 918 887; x_wconf 80' lang='lat' dir='ltr'>Saepe</span> <span class='ocrx_word' id='word_1_6' title='bbox 939 809 985 867; x_wconf 88' lang='lat' dir='ltr'>his</span> <span class='ocrx_word' id='word_1_7' title='bbox 1009 806 1174 867; x_wconf 85' lang='lat' dir='ltr'>Canonihus</span> <span class='ocrx_word' id='word_1_8' title='bbox 1205 810 1349 885; x_wconf 77' lang='lat' dir='ltr'>imprimis</span> <span class='ocrx_word' id='word_1_9' title='bbox 1373 831 1423 889; x_wconf 83' lang='lat' dir='ltr'>cy.</span> 
     </span>
     <span class='ocr_line' id='line_1_3' title="bbox 356 914 1423 1028; baseline -0.038 -21"><span class='ocrx_word' id='word_1_10' title='bbox 356 936 438 995; x_wconf 58' lang='lat' dir='ltr'><strong>⁰11⁰ss</strong></span> <span class='ocrx_word' id='word_1_11' title='bbox 452 933 592 990; x_wconf 67' lang='lat' dir='ltr'>inseritur</span> <span class='ocrx_word' id='word_1_12' title='bbox 604 914 750 1028; x_wconf 63' lang='lat' dir='ltr'>amima]</span> <span class='ocrx_word' id='word_1_13' title='bbox 779 922 877 1015; x_wconf 72' lang='grc' dir='ltr'>(οἶκος</span> <span class='ocrx_word' id='word_1_14' title='bbox 898 947 1105 1005; x_wconf 89' lang='lat' dir='ltr'>nonnunquam</span> <span class='ocrx_word' id='word_1_15' title='bbox 1127 918 1228 1008; x_wconf 54' lang='lat' dir='ltr'>lm</span> <span class='ocrx_word' id='word_1_16' title='bbox 1255 923 1349 1028; x_wconf 34' lang='grc' dir='ltr'>ᾧ)</span> <span class='ocrx_word' id='word_1_17' title='bbox 1394 960 1423 1008; x_wconf 59' lang='lat' dir='ltr'>et</span> 
     </span>
    </p>
   </div>
   <div class='ocr_carea' id='block_1_3' title="bbox 354 1019 1445 1186">
    <p class='ocr_par' dir='ltr' id='par_1_3' title="bbox 354 1019 1445 1186">
     <span class='ocr_line' id='line_1_4' title="bbox 354 1019 1445 1186; baseline -0.005 -60"><span class='ocrx_word' id='word_1_18' title='bbox 354 1041 508 1186; x_wconf 43' lang='lat' dir='ltr'>(isaim)</span> <span class='ocrx_word' id='word_1_19' title='bbox 543 1058 679 1145; x_wconf 82' lang='grc' dir='ltr'><em>(στίχος)</em></span> <span class='ocrx_word' id='word_1_20' title='bbox 700 1066 797 1120; x_wconf 87' lang='lat' dir='ltr'>rarius</span> <span class='ocrx_word' id='word_1_21' title='bbox 814 1064 892 1139; x_wconf 91' lang='lat' dir='ltr'>apud</span> <span class='ocrx_word' id='word_1_22' title='bbox 913 1061 1083 1122; x_wconf 77' lang='lat' dir='ltr'>Maronitas.</span> <span class='ocrx_word' id='word_1_23' title='bbox 1113 1064 1178 1121; x_wconf 93' lang='lat' dir='ltr'>Non</span> <span class='ocrx_word' id='word_1_24' title='bbox 1189 1087 1282 1142; x_wconf 87' lang='lat' dir='ltr'>pauca</span> <span class='ocrx_word' id='word_1_25' title='bbox 1296 1019 1445 1147; x_wconf 83' lang='lat' dir='ltr'>denique.</span> 
     </span>
    </p>
   </div>
   <div class='ocr_carea' id='block_1_4' title="bbox 269 1162 1423 1392">
    <p class='ocr_par' dir='ltr' id='par_1_4' title="bbox 269 1162 1423 1392">
     <span class='ocr_line' id='line_1_5' title="bbox 269 1162 1422 1271; baseline -0.014 -19"><span class='ocrx_word' id='word_1_26' title='bbox 269 1235 280 1252; x_wconf 74' lang='grc'><strong><em>,</em></strong></span> <span class='ocrx_word' id='word_1_27' title='bbox 356 1183 470 1252; x_wconf 79' lang='lat' dir='ltr'>cantica</span> <span class='ocrx_word' id='word_1_28' title='bbox 481 1184 660 1262; x_wconf 81' lang='lat' dir='ltr'>alphabetico</span> <span class='ocrx_word' id='word_1_29' title='bbox 675 1182 778 1239; x_wconf 90' lang='lat' dir='ltr'>ordine</span> <span class='ocrx_word' id='word_1_30' title='bbox 794 1193 861 1239; x_wconf 91' lang='lat' dir='ltr'>sunt</span> <span class='ocrx_word' id='word_1_31' title='bbox 875 1184 1015 1260; x_wconf 86' lang='lat' dir='ltr'>disposita</span> <span class='ocrx_word' id='word_1_32' title='bbox 1026 1162 1422 1271; x_wconf 47' lang='lat' dir='ltr'>(lmzsshhhgpfflm</span> 
     </span>
     <span class='ocr_line' id='line_1_6' title="bbox 354 1282 1423 1392; baseline -0.002 -21"><span class='ocrx_word' id='word_1_33' title='bbox 354 1331 378 1371; x_wconf 69' lang='lat' dir='ltr'>s.</span> <span class='ocrx_word' id='word_1_34' title='bbox 399 1288 500 1392; x_wconf 69' lang='lat' dir='ltr'>altit</span> <span class='ocrx_word' id='word_1_35' title='bbox 525 1285 614 1390; x_wconf 53' lang='lat' dir='ltr'>aa)</span> <span class='ocrx_word' id='word_1_36' title='bbox 638 1303 675 1360; x_wconf 78' lang='lat' dir='ltr'>cf.</span> <span class='ocrx_word' id='word_1_37' title='bbox 697 1300 771 1377; x_wconf 71' lang='lat' dir='ltr'>Epo.</span> <span class='ocrx_word' id='word_1_38' title='bbox 793 1299 821 1357; x_wconf 87' lang='lat' dir='ltr'>h.</span> <span class='ocrx_word' id='word_1_39' title='bbox 843 1297 895 1360; x_wconf 88' lang='lat'>26.</span> <span class='ocrx_word' id='word_1_40' title='bbox 916 1299 966 1362; x_wconf 84' lang='lat'>27.</span> <span class='ocrx_word' id='word_1_41' title='bbox 990 1303 1016 1360; x_wconf 80' lang='lat' dir='ltr'>a.</span> <span class='ocrx_word' id='word_1_42' title='bbox 1040 1308 1119 1378; x_wconf 53' lang='grc' dir='ltr'>ποι,</span> <span class='ocrx_word' id='word_1_43' title='bbox 1143 1309 1173 1363; x_wconf 74' lang='lat' dir='ltr'>tn</span> <span class='ocrx_word' id='word_1_44' title='bbox 1195 1309 1298 1385; x_wconf 70' lang='lat' dir='ltr'>quinus</span> <span class='ocrx_word' id='word_1_45' title='bbox 1322 1329 1339 1368; x_wconf 73' lang='lat' dir='ltr'>s</span> <span class='ocrx_word' id='word_1_46' title='bbox 1360 1282 1423 1387; x_wconf 77' lang='lat' dir='ltr'>p&#39;n·</span> 
     </span>
    </p>
   </div>
   <div class='ocr_carea' id='block_1_5' title="bbox 354 1402 1422 1483">
    <p class='ocr_par' dir='ltr' id='par_1_5' title="bbox 354 1402 1422 1483">
     <span class='ocr_line' id='line_1_7' title="bbox 354 1402 1422 1483; baseline -0.012 -10"><span class='ocrx_word' id='word_1_47' title='bbox 354 1434 401 1473; x_wconf 87' lang='lat' dir='ltr'>ruo</span> <span class='ocrx_word' id='word_1_48' title='bbox 423 1411 460 1470; x_wconf 87' lang='lat' dir='ltr'>ad</span> <span class='ocrx_word' id='word_1_49' title='bbox 488 1409 608 1466; x_wconf 89' lang='lat' dir='ltr'>tertium</span> <span class='ocrx_word' id='word_1_50' title='bbox 629 1406 803 1461; x_wconf 86' lang='lat' dir='ltr'>elementum</span> <span class='ocrx_word' id='word_1_51' title='bbox 824 1402 919 1458; x_wconf 88' lang='lat' dir='ltr'>medio</span> <span class='ocrx_word' id='word_1_52' title='bbox 942 1406 1049 1462; x_wconf 89' lang='lat' dir='ltr'>omisso</span> <span class='ocrx_word' id='word_1_53' title='bbox 1070 1408 1254 1483; x_wconf 83' lang='lat' dir='ltr'>proceditur3</span> <span class='ocrx_word' id='word_1_54' title='bbox 1282 1429 1339 1469; x_wconf 81' lang='lat' dir='ltr'>neo</span> <span class='ocrx_word' id='word_1_55' title='bbox 1368 1411 1422 1468; x_wconf 73' lang='lat'><strong>(10.</strong></span> 
     </span>
    </p>
   </div>
   <div class='ocr_carea' id='block_1_6' title="bbox 260 1488 1421 1574">
    <p class='ocr_par' dir='ltr' id='par_1_6' title="bbox 260 1488 1421 1574">
     <span class='ocr_line' id='line_1_8' title="bbox 260 1488 1421 1574; baseline -0.003 -16"><span class='ocrx_word' id='word_1_56' title='bbox 260 1497 262 1502; x_wconf 78' lang='grc'><strong>’</strong></span> <span class='ocrx_word' id='word_1_57' title='bbox 354 1508 423 1558; x_wconf 89' lang='lat' dir='ltr'>sunt</span> <span class='ocrx_word' id='word_1_58' title='bbox 431 1494 603 1574; x_wconf 84' lang='lat' dir='ltr'>posterioris</span> <span class='ocrx_word' id='word_1_59' title='bbox 624 1488 763 1564; x_wconf 86' lang='lat' dir='ltr'>temporis</span> <span class='ocrx_word' id='word_1_60' title='bbox 774 1494 885 1562; x_wconf 86' lang='lat' dir='ltr'>poetae,</span> <span class='ocrx_word' id='word_1_61' title='bbox 911 1489 1005 1564; x_wconf 90' lang='lat' dir='ltr'>quiin</span> <span class='ocrx_word' id='word_1_62' title='bbox 1019 1492 1179 1550; x_wconf 84' lang='lat' dir='ltr'>artificiosa</span> <span class='ocrx_word' id='word_1_63' title='bbox 1190 1514 1329 1552; x_wconf 87' lang='lat' dir='ltr'>versuum</span> <span class='ocrx_word' id='word_1_64' title='bbox 1342 1516 1421 1554; x_wconf 85' lang='lat' dir='ltr'>com-</span> 
     </span>
    </p>
   </div>
   <div class='ocr_carea' id='block_1_7' title="bbox 353 1571 1423 2414">
    <p class='ocr_par' dir='ltr' id='par_1_7' title="bbox 353 1571 1423 2414">
     <span class='ocr_line' id='line_1_9' title="bbox 356 1571 1420 1662; baseline -0.001 -22"><span class='ocrx_word' id='word_1_65' title='bbox 356 1584 501 1660; x_wconf 72' lang='lat' dir='ltr'>positione</span> <span class='ocrx_word' id='word_1_66' title='bbox 528 1576 637 1633; x_wconf 87' lang='lat' dir='ltr'>Arahes</span> <span class='ocrx_word' id='word_1_67' title='bbox 665 1573 792 1629; x_wconf 81' lang='lat' dir='ltr'>feliciter</span> <span class='ocrx_word' id='word_1_68' title='bbox 822 1572 930 1626; x_wconf 84' lang='lat' dir='ltr'>imitati</span> <span class='ocrx_word' id='word_1_69' title='bbox 961 1583 1028 1629; x_wconf 92' lang='lat' dir='ltr'>sunt</span> <span class='ocrx_word' id='word_1_70' title='bbox 1063 1571 1156 1652; x_wconf 83' lang='lat' dir='ltr'>(Ass.</span> <span class='ocrx_word' id='word_1_71' title='bbox 1179 1578 1205 1634; x_wconf 92' lang='lat' dir='ltr'>h.</span> <span class='ocrx_word' id='word_1_72' title='bbox 1228 1599 1254 1636; x_wconf 90' lang='lat' dir='ltr'>o.</span> <span class='ocrx_word' id='word_1_73' title='bbox 1278 1580 1297 1638; x_wconf 91' lang='lat' dir='ltr'>l.</span> <span class='ocrx_word' id='word_1_74' title='bbox 1322 1579 1420 1662; x_wconf 85' lang='lat'><strong>551.).</strong></span> 
     </span>
     <span class='ocr_line' id='line_1_10' title="bbox 356 1652 1421 1741; baseline -0.002 -16"><span class='ocrx_word' id='word_1_75' title='bbox 356 1666 391 1724; x_wconf 92' lang='lat' dir='ltr'>ln</span> <span class='ocrx_word' id='word_1_76' title='bbox 401 1664 547 1741; x_wconf 58' lang='lat' dir='ltr'>[liturgiis</span> <span class='ocrx_word' id='word_1_77' title='bbox 559 1679 628 1718; x_wconf 89' lang='lat' dir='ltr'>vero</span> <span class='ocrx_word' id='word_1_78' title='bbox 643 1667 672 1714; x_wconf 93' lang='lat' dir='ltr'>et</span> <span class='ocrx_word' id='word_1_79' title='bbox 686 1655 814 1725; x_wconf 85' lang='lat' dir='ltr'>Officiis,</span> <span class='ocrx_word' id='word_1_80' title='bbox 834 1652 912 1731; x_wconf 90' lang='lat' dir='ltr'>quod</span> <span class='ocrx_word' id='word_1_81' title='bbox 933 1655 969 1711; x_wconf 90' lang='lat' dir='ltr'>ad</span> <span class='ocrx_word' id='word_1_82' title='bbox 992 1669 1158 1732; x_wconf 86' lang='lat' dir='ltr'>poematum</span> <span class='ocrx_word' id='word_1_83' title='bbox 1176 1665 1274 1720; x_wconf 86' lang='lat' dir='ltr'>varias</span> <span class='ocrx_word' id='word_1_84' title='bbox 1296 1667 1421 1740; x_wconf 86' lang='lat' dir='ltr'>species,</span> 
     </span>
     <span class='ocr_line' id='line_1_11' title="bbox 355 1739 1420 1828; baseline -0.002 -19"><span class='ocrx_word' id='word_1_85' title='bbox 355 1751 496 1809; x_wconf 90' lang='lat' dir='ltr'>nonnulla</span> <span class='ocrx_word' id='word_1_86' title='bbox 510 1766 527 1802; x_wconf 92' lang='lat' dir='ltr'>a</span> <span class='ocrx_word' id='word_1_87' title='bbox 544 1754 706 1802; x_wconf 86' lang='lat' dir='ltr'>ceterarum</span> <span class='ocrx_word' id='word_1_88' title='bbox 716 1739 916 1796; x_wconf 86' lang='lat' dir='ltr'>Ecclesiarum</span> <span class='ocrx_word' id='word_1_89' title='bbox 929 1741 1138 1800; x_wconf 84' lang='lat' dir='ltr'>consuetudine</span> <span class='ocrx_word' id='word_1_90' title='bbox 1147 1746 1298 1819; x_wconf 88' lang='lat' dir='ltr'>recedunt,</span> <span class='ocrx_word' id='word_1_91' title='bbox 1311 1750 1420 1828; x_wconf 87' lang='lat' dir='ltr'>dequi-</span> 
     </span>
     <span class='ocr_line' id='line_1_12' title="bbox 353 1823 1423 1911; baseline -0.003 -17"><span class='ocrx_word' id='word_1_92' title='bbox 353 1836 408 1894; x_wconf 87' lang='lat' dir='ltr'>hus</span> <span class='ocrx_word' id='word_1_93' title='bbox 430 1853 467 1890; x_wconf 81' lang='lat' dir='ltr'>cx</span> <span class='ocrx_word' id='word_1_94' title='bbox 487 1839 570 1907; x_wconf 90' lang='lat' dir='ltr'>parte</span> <span class='ocrx_word' id='word_1_95' title='bbox 590 1828 731 1895; x_wconf 84' lang='lat' dir='ltr'>referam,</span> <span class='ocrx_word' id='word_1_96' title='bbox 753 1842 827 1900; x_wconf 85' lang='lat' dir='ltr'>quas</span> <span class='ocrx_word' id='word_1_97' title='bbox 840 1823 1014 1882; x_wconf 85' lang='lat' dir='ltr'>Assemanus</span> <span class='ocrx_word' id='word_1_98' title='bbox 1043 1847 1059 1882; x_wconf 89' lang='lat' dir='ltr'>e</span> <span class='ocrx_word' id='word_1_99' title='bbox 1080 1825 1240 1889; x_wconf 86' lang='lat' dir='ltr'>lihroMS.</span> <span class='ocrx_word' id='word_1_100' title='bbox 1260 1827 1423 1911; x_wconf 75' lang='lat' dir='ltr'>Stephani</span> 
     </span>
     <span class='ocr_line' id='line_1_13' title="bbox 353 1904 1421 1996; baseline -0.001 -18"><span class='ocrx_word' id='word_1_101' title='bbox 353 1915 532 1979; x_wconf 85' lang='lat' dir='ltr'>Aldoeusis</span> <span class='ocrx_word' id='word_1_102' title='bbox 554 1910 669 1970; x_wconf 89' lang='lat' dir='ltr'>Maron.</span> <span class='ocrx_word' id='word_1_103' title='bbox 693 1906 876 1986; x_wconf 78' lang='lat' dir='ltr'>patriarchae</span> <span class='ocrx_word' id='word_1_104' title='bbox 889 1904 931 1988; x_wconf 85' lang='lat' dir='ltr'>de</span> <span class='ocrx_word' id='word_1_105' title='bbox 941 1904 1101 1989; x_wconf 74' lang='lat' dir='ltr'>rhythmis</span> <span class='ocrx_word' id='word_1_106' title='bbox 1116 1922 1150 1969; x_wconf 94' lang='lat' dir='ltr'>et</span> <span class='ocrx_word' id='word_1_107' title='bbox 1162 1917 1247 1972; x_wconf 86' lang='lat' dir='ltr'>tonis</span> <span class='ocrx_word' id='word_1_108' title='bbox 1260 1912 1421 1996; x_wconf 66' lang='lat' dir='ltr'>Syrorum</span> 
     </span>
     <span class='ocr_line' id='line_1_14' title="bbox 356 1989 1420 2078; baseline -0.004 -18"><span class='ocrx_word' id='word_1_109' title='bbox 356 2001 511 2077; x_wconf 76' lang='lat' dir='ltr'>descripsit</span> <span class='ocrx_word' id='word_1_110' title='bbox 544 1995 628 2063; x_wconf 74' lang='lat' dir='ltr'>(cod.</span> <span class='ocrx_word' id='word_1_111' title='bbox 662 1995 724 2051; x_wconf 86' lang='lat' dir='ltr'>Lit.</span> <span class='ocrx_word' id='word_1_112' title='bbox 746 1992 836 2067; x_wconf 88' lang='lat' dir='ltr'>praef.</span> <span class='ocrx_word' id='word_1_113' title='bbox 867 1992 916 2049; x_wconf 89' lang='lat' dir='ltr'>lih.</span> <span class='ocrx_word' id='word_1_114' title='bbox 945 1989 1020 2070; x_wconf 89' lang='lat' dir='ltr'>lv.).</span> <span class='ocrx_word' id='word_1_115' title='bbox 1080 1994 1222 2073; x_wconf 86' lang='lat' dir='ltr'>Psalmis,</span> <span class='ocrx_word' id='word_1_116' title='bbox 1250 2001 1301 2078; x_wconf 91' lang='lat' dir='ltr'>qui</span> <span class='ocrx_word' id='word_1_117' title='bbox 1329 2011 1363 2059; x_wconf 85' lang='lat' dir='ltr'>ut</span> <span class='ocrx_word' id='word_1_118' title='bbox 1388 2005 1420 2060; x_wconf 90' lang='lat' dir='ltr'>in</span> 
     </span>
     <span class='ocr_line' id='line_1_15' title="bbox 355 2079 1418 2162; baseline -0.001 -17"><span class='ocrx_word' id='word_1_119' title='bbox 355 2086 490 2145; x_wconf 84' lang='lat' dir='ltr'>Ecclesia</span> <span class='ocrx_word' id='word_1_120' title='bbox 504 2079 678 2139; x_wconf 90' lang='lat' dir='ltr'>occidentali</span> <span class='ocrx_word' id='word_1_121' title='bbox 699 2080 730 2133; x_wconf 89' lang='lat' dir='ltr'>in</span> <span class='ocrx_word' id='word_1_122' title='bbox 745 2085 854 2151; x_wconf 85' lang='lat' dir='ltr'>septem</span> <span class='ocrx_word' id='word_1_123' title='bbox 867 2086 964 2151; x_wconf 87' lang='lat' dir='ltr'>partes</span> <span class='ocrx_word' id='word_1_124' title='bbox 977 2079 1064 2138; x_wconf 82' lang='lat' dir='ltr'>dirisi</span> <span class='ocrx_word' id='word_1_125' title='bbox 1076 2101 1129 2156; x_wconf 91' lang='lat' dir='ltr'>per</span> <span class='ocrx_word' id='word_1_126' title='bbox 1138 2081 1345 2143; x_wconf 87' lang='lat' dir='ltr'>hebdomadem</span> <span class='ocrx_word' id='word_1_127' title='bbox 1351 2106 1418 2162; x_wconf 92' lang='lat' dir='ltr'>per-</span> 
     </span>
     <span class='ocr_line' id='line_1_16' title="bbox 355 2158 1419 2249; baseline -0.002 -19"><span class='ocrx_word' id='word_1_128' title='bbox 355 2173 522 2237; x_wconf 86' lang='lat' dir='ltr'>solvuntur,</span> <span class='ocrx_word' id='word_1_129' title='bbox 551 2163 666 2222; x_wconf 86' lang='lat' dir='ltr'>additae</span> <span class='ocrx_word' id='word_1_130' title='bbox 696 2168 764 2218; x_wconf 87' lang='lat' dir='ltr'>suut</span> <span class='ocrx_word' id='word_1_131' title='bbox 795 2158 1077 2236; x_wconf 77' lang='lat' dir='ltr'>praedicationes,</span> <span class='ocrx_word' id='word_1_132' title='bbox 1111 2185 1182 2242; x_wconf 88' lang='lat' dir='ltr'>quas</span> <span class='ocrx_word' id='word_1_133' title='bbox 1210 2170 1288 2227; x_wconf 83' lang='lat' dir='ltr'>rarii</span> <span class='ocrx_word' id='word_1_134' title='bbox 1317 2169 1419 2249; x_wconf 85' lang='lat' dir='ltr'>hymni</span> 
     </span>
     <span class='ocr_line' id='line_1_17' title="bbox 355 2243 1419 2333; baseline -0.001 -20"><span class='ocrx_word' id='word_1_135' title='bbox 355 2263 514 2329; x_wconf 87' lang='lat' dir='ltr'>cantusque</span> <span class='ocrx_word' id='word_1_136' title='bbox 541 2257 710 2326; x_wconf 83' lang='lat' dir='ltr'>sequuntur.</span> <span class='ocrx_word' id='word_1_137' title='bbox 760 2243 917 2301; x_wconf 90' lang='lat' dir='ltr'>Orationes</span> <span class='ocrx_word' id='word_1_138' title='bbox 945 2245 1084 2304; x_wconf 91' lang='lat' dir='ltr'>horarum</span> <span class='ocrx_word' id='word_1_139' title='bbox 1113 2255 1319 2310; x_wconf 86' lang='lat' dir='ltr'>canonicarum</span> <span class='ocrx_word' id='word_1_140' title='bbox 1349 2255 1419 2333; x_wconf 81' lang='lat' dir='ltr'>Syri</span> 
     </span>
     <span class='ocr_line' id='line_1_18' title="bbox 356 2324 1420 2414; baseline 0 -16"><span class='ocrx_word' id='word_1_141' title='bbox 356 2340 553 2397; x_wconf 86' lang='lat' dir='ltr'>distinxerunt</span> <span class='ocrx_word' id='word_1_142' title='bbox 581 2324 848 2412; x_wconf 79' lang='lat' dir='ltr'>fundamentales</span> <span class='ocrx_word' id='word_1_143' title='bbox 875 2347 910 2384; x_wconf 92' lang='lat' dir='ltr'>ac</span> <span class='ocrx_word' id='word_1_144' title='bbox 931 2325 1185 2407; x_wconf 81' lang='lat' dir='ltr'>substantiales,</span> <span class='ocrx_word' id='word_1_145' title='bbox 1206 2356 1329 2414; x_wconf 89' lang='lat' dir='ltr'>quaram</span> <span class='ocrx_word' id='word_1_146' title='bbox 1351 2341 1420 2398; x_wconf 78' lang='lat' dir='ltr'>illae</span> 
     </span>
    </p>
   </div>
   <div class='ocr_carea' id='block_1_8' title="bbox 350 2415 1419 2794">
    <p class='ocr_par' dir='ltr' id='par_1_8' title="bbox 350 2415 1419 2794">
     <span class='ocr_line' id='line_1_19' title="bbox 355 2415 1417 2525; baseline 0 -25"><span class='ocrx_word' id='word_1_147' title='bbox 355 2449 423 2501; x_wconf 85' lang='lat' dir='ltr'>sant</span> <span class='ocrx_word' id='word_1_148' title='bbox 454 2437 611 2496; x_wconf 86' lang='lat' dir='ltr'>Orationes</span> <span class='ocrx_word' id='word_1_149' title='bbox 643 2450 717 2510; x_wconf 89' lang='lat' dir='ltr'>quae</span> <span class='ocrx_word' id='word_1_150' title='bbox 748 2415 1140 2525; x_wconf 54' lang='lat' dir='ltr'>lmfffiiaculotorioe</span> <span class='ocrx_word' id='word_1_151' title='bbox 1153 2448 1306 2511; x_wconf 87' lang='lat' dir='ltr'>vocantur,</span> <span class='ocrx_word' id='word_1_152' title='bbox 1315 2458 1417 2517; x_wconf 89' lang='lat' dir='ltr'>proe-</span> 
     </span>
     <span class='ocr_line' id='line_1_20' title="bbox 350 2549 1419 2664; baseline 0.001 -46"><span class='ocrx_word' id='word_1_153' title='bbox 350 2550 503 2644; x_wconf 66' lang='lat' dir='ltr'>&#39;fationes</span> <span class='ocrx_word' id='word_1_154' title='bbox 565 2560 595 2608; x_wconf 87' lang='lat' dir='ltr'>et</span> <span class='ocrx_word' id='word_1_155' title='bbox 643 2552 809 2628; x_wconf 84' lang='lat' dir='ltr'>prooemia</span> <span class='ocrx_word' id='word_1_156' title='bbox 877 2549 1045 2664; x_wconf 45' lang='grc' dir='ltr'>μορ</span> <span class='ocrx_word' id='word_1_157' title='bbox 1056 2601 1068 2647; x_wconf 74' lang='lat' dir='ltr'>t</span> <span class='ocrx_word' id='word_1_158' title='bbox 1135 2556 1283 2614; x_wconf 84' lang='lat' dir='ltr'>orationes</span> <span class='ocrx_word' id='word_1_159' title='bbox 1306 2553 1419 2619; x_wconf 76' lang='lat' dir='ltr'>thuris</span> 
     </span>
     <span class='ocr_line' id='line_1_21' title="bbox 353 2649 1417 2794; baseline 0.009 -64"><span class='ocrx_word' id='word_1_160' title='bbox 353 2649 463 2773; x_wconf 45' lang='lat' dir='ltr'>W?</span> <span class='ocrx_word' id='word_1_161' title='bbox 474 2660 516 2794; x_wconf 51' lang='lat' dir='ltr'>g,</span> <span class='ocrx_word' id='word_1_162' title='bbox 548 2667 702 2751; x_wconf 84' lang='lat' dir='ltr'>lectiones</span> <span class='ocrx_word' id='word_1_163' title='bbox 730 2678 759 2725; x_wconf 88' lang='lat' dir='ltr'>et</span> <span class='ocrx_word' id='word_1_164' title='bbox 790 2666 1031 2755; x_wconf 70' lang='lat' dir='ltr'>adsignationes</span> <span class='ocrx_word' id='word_1_165' title='bbox 1056 2654 1215 2761; x_wconf 59' lang='lat' dir='ltr'>Md»,</span> <span class='ocrx_word' id='word_1_166' title='bbox 1239 2677 1345 2754; x_wconf 88' lang='lat' dir='ltr'>quihus</span> <span class='ocrx_word' id='word_1_167' title='bbox 1365 2701 1417 2758; x_wconf 94' lang='lat' dir='ltr'>po-</span> 
     </span>
    </p>
   </div>
   <div class='ocr_carea' id='block_1_9' title="bbox 355 2786 1419 2879">
    <p class='ocr_par' dir='ltr' id='par_1_9' title="bbox 355 2786 1419 2879">
     <span class='ocr_line' id='line_1_22' title="bbox 355 2786 1419 2879; baseline 0.003 -21"><span class='ocrx_word' id='word_1_168' title='bbox 355 2801 417 2879; x_wconf 89' lang='lat' dir='ltr'>puli</span> <span class='ocrx_word' id='word_1_169' title='bbox 438 2797 539 2855; x_wconf 88' lang='lat' dir='ltr'>missio</span> <span class='ocrx_word' id='word_1_170' title='bbox 560 2788 602 2846; x_wconf 86' lang='lat' dir='ltr'>fit.</span> <span class='ocrx_word' id='word_1_171' title='bbox 647 2786 891 2850; x_wconf 82' lang='lat' dir='ltr'>Substantialium</span> <span class='ocrx_word' id='word_1_172' title='bbox 913 2797 996 2871; x_wconf 89' lang='lat' dir='ltr'>plura</span> <span class='ocrx_word' id='word_1_173' title='bbox 1017 2805 1223 2873; x_wconf 72' lang='lat' dir='ltr'>nauigium,</span> <span class='ocrx_word' id='word_1_174' title='bbox 1266 2799 1296 2852; x_wconf 87' lang='lat'>1.</span> <span class='ocrx_word' id='word_1_175' title='bbox 1325 2817 1419 2863; x_wconf 81' lang='lat' dir='ltr'>uoces</span> 
     </span>
    </p>
   </div>
   <div class='ocr_carea' id='block_1_10' title="bbox 355 2874 1422 3248">
    <p class='ocr_par' dir='ltr' id='par_1_10' title="bbox 355 2874 1422 3248">
     <span class='ocr_line' id='line_1_23' title="bbox 356 2874 1418 3018; baseline -0.003 -60"><span class='ocrx_word' id='word_1_176' title='bbox 356 2921 408 2961; x_wconf 82' lang='lat' dir='ltr'>seu</span> <span class='ocrx_word' id='word_1_177' title='bbox 451 2896 523 2956; x_wconf 85' lang='lat' dir='ltr'>toni</span> <span class='ocrx_word' id='word_1_178' title='bbox 568 2874 634 2965; x_wconf 59' lang='lat' dir='ltr'>liti</span> <span class='ocrx_word' id='word_1_179' title='bbox 679 2889 710 2949; x_wconf 86' lang='grc'>2.</span> <span class='ocrx_word' id='word_1_180' title='bbox 742 2897 872 2955; x_wconf 84' lang='lat' dir='ltr'>cantica</span> <span class='ocrx_word' id='word_1_181' title='bbox 903 2916 955 2954; x_wconf 87' lang='lat' dir='ltr'>seu</span> <span class='ocrx_word' id='word_1_182' title='bbox 996 2892 1240 2955; x_wconf 73' lang='lat' dir='ltr'>modulationes</span> <span class='ocrx_word' id='word_1_183' title='bbox 1260 2888 1418 3018; x_wconf 34' lang='lat' dir='ltr'>llxxkom</span> 
     </span>
     <span class='ocr_line' id='line_1_24' title="bbox 355 3010 1418 3133; baseline 0 -36"><span class='ocrx_word' id='word_1_184' title='bbox 355 3033 386 3097; x_wconf 87' lang='lat'>3.</span> <span class='ocrx_word' id='word_1_185' title='bbox 407 3030 539 3093; x_wconf 84' lang='lat' dir='ltr'>ordines</span> <span class='ocrx_word' id='word_1_186' title='bbox 560 3014 647 3133; x_wconf 63' lang='lat' dir='ltr'>l’tm</span> <span class='ocrx_word' id='word_1_187' title='bbox 696 3025 727 3084; x_wconf 81' lang='grc'>4.</span> <span class='ocrx_word' id='word_1_188' title='bbox 755 3028 879 3107; x_wconf 82' lang='lat' dir='ltr'>psalmi</span> <span class='ocrx_word' id='word_1_189' title='bbox 920 3019 1077 3113; x_wconf 51' lang='lat' dir='ltr'>lichum</span> <span class='ocrx_word' id='word_1_190' title='bbox 1129 3034 1158 3089; x_wconf 84' lang='lat'>5.</span> <span class='ocrx_word' id='word_1_191' title='bbox 1192 3010 1326 3096; x_wconf 78' lang='lat' dir='ltr'>cantico</span> <span class='ocrx_word' id='word_1_192' title='bbox 1366 3063 1418 3103; x_wconf 80' lang='lat' dir='ltr'>seo</span> 
     </span>
     <span class='ocr_line' id='line_1_25' title="bbox 355 3129 1422 3248; baseline 0 -33"><span class='ocrx_word' id='word_1_193' title='bbox 355 3169 448 3215; x_wconf 84' lang='lat' dir='ltr'>uoces</span> <span class='ocrx_word' id='word_1_194' title='bbox 471 3144 646 3207; x_wconf 83' lang='lat' dir='ltr'>solitariae</span> <span class='ocrx_word' id='word_1_195' title='bbox 663 3129 821 3227; x_wconf 50' lang='lat' dir='ltr'>2³25»ss</span> <span class='ocrx_word' id='word_1_196' title='bbox 844 3157 871 3210; x_wconf 86' lang='grc'>6.</span> <span class='ocrx_word' id='word_1_197' title='bbox 883 3153 1089 3248; x_wconf 74' lang='lat' dir='ltr'>precationes</span> <span class='ocrx_word' id='word_1_198' title='bbox 1106 3129 1237 3228; x_wconf 65' lang='lat' dir='ltr'>illim</span> <span class='ocrx_word' id='word_1_199' title='bbox 1259 3158 1288 3213; x_wconf 84' lang='lat'>7.</span> <span class='ocrx_word' id='word_1_200' title='bbox 1307 3153 1422 3238; x_wconf 72' lang='lat' dir='ltr'>hymni</span> 
     </span>
    </p>
   </div>
   <div class='ocr_carea' id='block_1_11' title="bbox 357 3254 1417 3353">
    <p class='ocr_par' dir='ltr' id='par_1_11' title="bbox 357 3254 1417 3353">
     <span class='ocr_line' id='line_1_26' title="bbox 357 3254 1417 3353; baseline 0.001 -22"><span class='ocrx_word' id='word_1_201' title='bbox 357 3293 408 3332; x_wconf 91' lang='lat' dir='ltr'>seu</span> <span class='ocrx_word' id='word_1_202' title='bbox 431 3267 511 3328; x_wconf 87' lang='lat' dir='ltr'>odae</span> <span class='ocrx_word' id='word_1_203' title='bbox 528 3254 662 3353; x_wconf 45' lang='lat' dir='ltr'>inim</span> <span class='ocrx_word' id='word_1_204' title='bbox 724 3270 819 3328; x_wconf 83' lang='lat' dir='ltr'>Voces</span> <span class='ocrx_word' id='word_1_205' title='bbox 848 3275 925 3330; x_wconf 91' lang='lat' dir='ltr'>inter</span> <span class='ocrx_word' id='word_1_206' title='bbox 951 3272 1139 3329; x_wconf 88' lang='lat' dir='ltr'>iaculatorias</span> <span class='ocrx_word' id='word_1_207' title='bbox 1168 3284 1328 3349; x_wconf 91' lang='lat' dir='ltr'>ponantur,</span> <span class='ocrx_word' id='word_1_208' title='bbox 1367 3299 1417 3338; x_wconf 81' lang='lat' dir='ltr'>sc-</span> 
     </span>
    </p>
   </div>
   <div class='ocr_carea' id='block_1_12' title="bbox 355 3357 1418 3877">
    <p class='ocr_par' dir='ltr' id='par_1_12' title="bbox 355 3357 1418 3877">
     <span class='ocr_line' id='line_1_27' title="bbox 356 3357 1418 3452; baseline -0.007 -19"><span class='ocrx_word' id='word_1_209' title='bbox 356 3381 483 3452; x_wconf 89' lang='lat' dir='ltr'>quuutur</span> <span class='ocrx_word' id='word_1_210' title='bbox 500 3357 614 3443; x_wconf 81' lang='lat' dir='ltr'>psalmi,</span> <span class='ocrx_word' id='word_1_211' title='bbox 636 3372 847 3429; x_wconf 88' lang='lat' dir='ltr'>modulationes</span> <span class='ocrx_word' id='word_1_212' title='bbox 871 3373 1048 3448; x_wconf 89' lang='lat' dir='ltr'>praecedunt</span> <span class='ocrx_word' id='word_1_213' title='bbox 1071 3370 1276 3446; x_wconf 82' lang='lat' dir='ltr'>praefationes,</span> <span class='ocrx_word' id='word_1_214' title='bbox 1307 3388 1338 3435; x_wconf 80' lang='lat' dir='ltr'>et</span> <span class='ocrx_word' id='word_1_215' title='bbox 1365 3400 1418 3440; x_wconf 65' lang='lat' dir='ltr'>vo.</span> 
     </span>
     <span class='ocr_line' id='line_1_28' title="bbox 357 3454 1417 3530; baseline 0.005 -15"><span class='ocrx_word' id='word_1_216' title='bbox 357 3477 404 3515; x_wconf 88' lang='lat' dir='ltr'>ces</span> <span class='ocrx_word' id='word_1_217' title='bbox 433 3455 583 3511; x_wconf 86' lang='lat' dir='ltr'>solitariae</span> <span class='ocrx_word' id='word_1_218' title='bbox 603 3454 842 3527; x_wconf 71' lang='lat' dir='ltr'>manicationes,</span> <span class='ocrx_word' id='word_1_219' title='bbox 870 3458 997 3530; x_wconf 87' lang='lat' dir='ltr'>psalmus</span> <span class='ocrx_word' id='word_1_220' title='bbox 1026 3458 1142 3512; x_wconf 88' lang='lat' dir='ltr'>canitur</span> <span class='ocrx_word' id='word_1_221' title='bbox 1163 3466 1230 3514; x_wconf 86' lang='lat' dir='ltr'>ante</span> <span class='ocrx_word' id='word_1_222' title='bbox 1255 3460 1417 3526; x_wconf 82' lang='lat' dir='ltr'>Lectiones</span> 
     </span>
     <span class='ocr_line' id='line_1_29' title="bbox 356 3536 1417 3624; baseline 0.008 -25"><span class='ocrx_word' id='word_1_223' title='bbox 356 3558 456 3599; x_wconf 85' lang='lat' dir='ltr'>sacrae</span> <span class='ocrx_word' id='word_1_224' title='bbox 484 3536 671 3612; x_wconf 86' lang='lat' dir='ltr'>Scripturas,</span> <span class='ocrx_word' id='word_1_225' title='bbox 699 3537 826 3593; x_wconf 89' lang='lat' dir='ltr'>laudatio</span> <span class='ocrx_word' id='word_1_226' title='bbox 855 3547 885 3594; x_wconf 89' lang='lat' dir='ltr'>et</span> <span class='ocrx_word' id='word_1_227' title='bbox 911 3539 1076 3614; x_wconf 79' lang='lat' dir='ltr'>Antiphone</span> <span class='ocrx_word' id='word_1_228' title='bbox 1102 3547 1170 3595; x_wconf 88' lang='lat' dir='ltr'>ante</span> <span class='ocrx_word' id='word_1_229' title='bbox 1206 3539 1417 3624; x_wconf 75' lang='lat' dir='ltr'>Euangeliou:</span> 
     </span>
     <span class='ocr_line' id='line_1_30' title="bbox 355 3619 1418 3697; baseline 0.008 -14"><span class='ocrx_word' id='word_1_230' title='bbox 355 3635 417 3682; x_wconf 88' lang='lat' dir='ltr'>tum</span> <span class='ocrx_word' id='word_1_231' title='bbox 458 3620 596 3678; x_wconf 89' lang='lat' dir='ltr'>inchoant</span> <span class='ocrx_word' id='word_1_232' title='bbox 635 3619 760 3679; x_wconf 85' lang='lat' dir='ltr'>Diaconi</span> <span class='ocrx_word' id='word_1_233' title='bbox 802 3623 1052 3697; x_wconf 88' lang='lat' dir='ltr'>praedicationes,</span> <span class='ocrx_word' id='word_1_234' title='bbox 1100 3622 1204 3681; x_wconf 87' lang='lat' dir='ltr'>deinde</span> <span class='ocrx_word' id='word_1_235' title='bbox 1242 3627 1418 3694; x_wconf 84' lang='lat' dir='ltr'>Sacerdotes</span> 
     </span>
     <span class='ocr_line' id='line_1_31' title="bbox 355 3707 1417 3786; baseline 0.004 -20"><span class='ocrx_word' id='word_1_236' title='bbox 355 3709 539 3786; x_wconf 87' lang='lat' dir='ltr'>precationes</span> <span class='ocrx_word' id='word_1_237' title='bbox 587 3708 713 3763; x_wconf 88' lang='lat' dir='ltr'>recitant</span> <span class='ocrx_word' id='word_1_238' title='bbox 759 3725 793 3762; x_wconf 89' lang='lat' dir='ltr'>ac</span> <span class='ocrx_word' id='word_1_239' title='bbox 835 3709 995 3765; x_wconf 88' lang='lat' dir='ltr'>orationem</span> <span class='ocrx_word' id='word_1_240' title='bbox 1047 3707 1223 3765; x_wconf 89' lang='lat' dir='ltr'>concludunt</span> <span class='ocrx_word' id='word_1_241' title='bbox 1270 3713 1335 3774; x_wconf 89' lang='lat' dir='ltr'>odis</span> <span class='ocrx_word' id='word_1_242' title='bbox 1386 3730 1417 3778; x_wconf 76' lang='lat' dir='ltr'>et</span> 
     </span>
     <span class='ocr_line' id='line_1_32' title="bbox 357 3789 1413 3877; baseline -0.006 -26"><span class='ocrx_word' id='word_1_243' title='bbox 357 3790 618 3869; x_wconf 77' lang='lat' dir='ltr'>obsignaticnibas.</span> <span class='ocrx_word' id='word_1_244' title='bbox 649 3789 721 3847; x_wconf 87' lang='lat' dir='ltr'>Cum</span> <span class='ocrx_word' id='word_1_245' title='bbox 742 3809 811 3848; x_wconf 85' lang='lat' dir='ltr'>vero</span> <span class='ocrx_word' id='word_1_246' title='bbox 834 3789 905 3868; x_wconf 84' lang='lat' dir='ltr'>Syri</span> <span class='ocrx_word' id='word_1_247' title='bbox 918 3802 1003 3850; x_wconf 87' lang='lat' dir='ltr'>notas</span> <span class='ocrx_word' id='word_1_248' title='bbox 1025 3792 1180 3850; x_wconf 80' lang='lat' dir='ltr'>musicales</span> <span class='ocrx_word' id='word_1_249' title='bbox 1201 3789 1413 3877; x_wconf 49' lang='lat' dir='ltr'>nominabam,</span> 
     </span>
    </p>
   </div>
   <div class='ocr_carea' id='block_1_13' title="bbox 291 3876 1418 4103">
    <p class='ocr_par' dir='ltr' id='par_1_13' title="bbox 291 3876 1418 4103">
     <span class='ocr_line' id='line_1_33' title="bbox 357 3876 1415 3984; baseline 0.01 -32"><span class='ocrx_word' id='word_1_250' title='bbox 357 3892 479 3952; x_wconf 86' lang='lat' dir='ltr'>canticis</span> <span class='ocrx_word' id='word_1_251' title='bbox 501 3892 700 3949; x_wconf 88' lang='lat' dir='ltr'>inscribuntur</span> <span class='ocrx_word' id='word_1_252' title='bbox 719 3894 839 3970; x_wconf 82' lang='lat' dir='ltr'>regulae</span> <span class='ocrx_word' id='word_1_253' title='bbox 855 3893 978 3950; x_wconf 89' lang='lat' dir='ltr'>cauendi</span> <span class='ocrx_word' id='word_1_254' title='bbox 1000 3887 1084 3974; x_wconf 89' lang='lat' dir='ltr'>(toni</span> <span class='ocrx_word' id='word_1_255' title='bbox 1110 3876 1166 3968; x_wconf 76' lang='lat' dir='ltr'>llo</span> <span class='ocrx_word' id='word_1_256' title='bbox 1187 3899 1415 3984; x_wconf 78' lang='lat' dir='ltr'>nostldelodie)</span> 
     </span>
     <span class='ocr_line' id='line_1_34' title="bbox 291 3995 1418 4103; baseline 0.05 -82"><span class='ocrx_word' id='word_1_257' title='bbox 291 4014 295 4021; x_wconf 88' lang='grc'><em>,</em></span> <span class='ocrx_word' id='word_1_258' title='bbox 356 4004 406 4052; x_wconf 79' lang='lat' dir='ltr'>snt</span> <span class='ocrx_word' id='word_1_259' title='bbox 427 4003 642 4070; x_wconf 88' lang='lat' dir='ltr'>praeponuntur</span> <span class='ocrx_word' id='word_1_260' title='bbox 661 3995 830 4072; x_wconf 80' lang='lat' dir='ltr'>signacula,</span> <span class='ocrx_word' id='word_1_261' title='bbox 856 4005 891 4052; x_wconf 91' lang='lat' dir='ltr'>ut</span> <span class='ocrx_word' id='word_1_262' title='bbox 911 4025 990 4076; x_wconf 54' lang='grc' dir='ltr'>σω</span> <span class='ocrx_word' id='word_1_263' title='bbox 1020 3998 1195 4103; x_wconf 64' lang='lat' dir='ltr'>(DOLO),</span> <span class='ocrx_word' id='word_1_264' title='bbox 1218 4017 1244 4072; x_wconf 88' lang='lat' dir='ltr'>si</span> <span class='ocrx_word' id='word_1_265' title='bbox 1265 4017 1344 4078; x_wconf 84' lang='lat' dir='ltr'>idem</span> <span class='ocrx_word' id='word_1_266' title='bbox 1366 4028 1418 4080; x_wconf 73' lang='grc' dir='ltr'>αι’.</span> 
     </span>
    </p>
   </div>
   <div class='ocr_carea' id='block_1_14' title="bbox 355 4116 1416 4210">
    <p class='ocr_par' dir='ltr' id='par_1_14' title="bbox 355 4116 1416 4210">
     <span class='ocr_line' id='line_1_35' title="bbox 355 4116 1416 4210; baseline 0.008 -22"><span class='ocrx_word' id='word_1_267' title='bbox 355 4130 465 4188; x_wconf 86' lang='lat' dir='ltr'>nendos</span> <span class='ocrx_word' id='word_1_268' title='bbox 481 4136 525 4184; x_wconf 88' lang='lat' dir='ltr'>est</span> <span class='ocrx_word' id='word_1_269' title='bbox 535 4138 620 4184; x_wconf 89' lang='lat' dir='ltr'>tonus</span> <span class='ocrx_word' id='word_1_270' title='bbox 633 4148 698 4185; x_wconf 88' lang='lat' dir='ltr'>eam</span> <span class='ocrx_word' id='word_1_271' title='bbox 709 4130 907 4206; x_wconf 86' lang='lat' dir='ltr'>antecedenti,</span> <span class='ocrx_word' id='word_1_272' title='bbox 921 4134 947 4189; x_wconf 91' lang='lat' dir='ltr'>si</span> <span class='ocrx_word' id='word_1_273' title='bbox 968 4136 1043 4193; x_wconf 89' lang='lat' dir='ltr'>alius</span> <span class='ocrx_word' id='word_1_274' title='bbox 1057 4180 1065 4210; x_wconf 91' lang='lat'>,</span> <span class='ocrx_word' id='word_1_275' title='bbox 1086 4116 1246 4200; x_wconf 45' lang='lat' dir='ltr'>&amp;Xou-</span> <span class='ocrx_word' id='word_1_276' title='bbox 1267 4134 1354 4195; x_wconf 87' lang='lat' dir='ltr'>Hanc</span> <span class='ocrx_word' id='word_1_277' title='bbox 1368 4159 1416 4198; x_wconf 85' lang='lat' dir='ltr'>sa-</span> 
     </span>
    </p>
   </div>
   <div class='ocr_carea' id='block_1_15' title="bbox 333 4228 1443 4572">
    <p class='ocr_par' dir='ltr' id='par_1_15' title="bbox 333 4228 1443 4572">
     <span class='ocr_line' id='line_1_36' title="bbox 358 4228 1417 4309; baseline 0.008 -20"><span class='ocrx_word' id='word_1_278' title='bbox 358 4251 436 4289; x_wconf 89' lang='lat' dir='ltr'>cram</span> <span class='ocrx_word' id='word_1_279' title='bbox 457 4249 526 4287; x_wconf 81' lang='lat' dir='ltr'>roro</span> <span class='ocrx_word' id='word_1_280' title='bbox 548 4228 732 4306; x_wconf 84' lang='lat' dir='ltr'>hymnodiam</span> <span class='ocrx_word' id='word_1_281' title='bbox 755 4230 824 4309; x_wconf 86' lang='lat' dir='ltr'>Syri</span> <span class='ocrx_word' id='word_1_282' title='bbox 844 4252 903 4290; x_wconf 91' lang='lat' dir='ltr'>non</span> <span class='ocrx_word' id='word_1_283' title='bbox 923 4244 957 4291; x_wconf 92' lang='lat' dir='ltr'>ut</span> <span class='ocrx_word' id='word_1_284' title='bbox 979 4233 1084 4297; x_wconf 87' lang='lat' dir='ltr'>Graeci</span> <span class='ocrx_word' id='word_1_285' title='bbox 1112 4241 1149 4298; x_wconf 89' lang='lat' dir='ltr'>ad</span> <span class='ocrx_word' id='word_1_286' title='bbox 1168 4239 1311 4296; x_wconf 88' lang='lat' dir='ltr'>octo&#39;c&#39;eho</span> <span class='ocrx_word' id='word_1_287' title='bbox 1332 4240 1417 4298; x_wconf 85' lang='lat' dir='ltr'>rede-</span> 
     </span>
     <span class='ocr_line' id='line_1_37' title="bbox 356 4312 1416 4401; baseline 0.009 -29"><span class='ocrx_word' id='word_1_288' title='bbox 356 4324 480 4394; x_wconf 75' lang='lat' dir='ltr'>gerunt,</span> <span class='ocrx_word' id='word_1_289' title='bbox 508 4313 559 4370; x_wconf 87' lang='lat' dir='ltr'>sed</span> <span class='ocrx_word' id='word_1_290' title='bbox 590 4333 642 4388; x_wconf 88' lang='lat' dir='ltr'>per</span> <span class='ocrx_word' id='word_1_291' title='bbox 669 4312 774 4372; x_wconf 84' lang='lat' dir='ltr'>LXXV</span> <span class='ocrx_word' id='word_1_292' title='bbox 805 4335 891 4393; x_wconf 87' lang='lat' dir='ltr'>super</span> <span class='ocrx_word' id='word_1_293' title='bbox 919 4317 967 4377; x_wconf 84' lang='lat' dir='ltr'>CC</span> <span class='ocrx_word' id='word_1_294' title='bbox 987 4333 1132 4400; x_wconf 85' lang='lat' dir='ltr'>vagantur</span> <span class='ocrx_word' id='word_1_295' title='bbox 1157 4333 1252 4386; x_wconf 88' lang='lat' dir='ltr'>tonos.</span> <span class='ocrx_word' id='word_1_296' title='bbox 1298 4323 1416 4401; x_wconf 83' lang='lat' dir='ltr'>Optime</span> 
     </span>
     <span class='ocr_line' id='line_1_38' title="bbox 333 4392 1443 4485; baseline 0.008 -28"><span class='ocrx_word' id='word_1_297' title='bbox 333 4395 422 4457; x_wconf 80' lang='lat' dir='ltr'>&#39;cam</span> <span class='ocrx_word' id='word_1_298' title='bbox 444 4392 608 4476; x_wconf 84' lang='lat' dir='ltr'>Stephano</span> <span class='ocrx_word' id='word_1_299' title='bbox 629 4416 682 4455; x_wconf 83' lang='lat' dir='ltr'>sex</span> <span class='ocrx_word' id='word_1_300' title='bbox 695 4407 829 4458; x_wconf 89' lang='lat' dir='ltr'>tonorum</span> <span class='ocrx_word' id='word_1_301' title='bbox 850 4405 958 4462; x_wconf 87' lang='lat' dir='ltr'>classes</span> <span class='ocrx_word' id='word_1_302' title='bbox 975 4410 1145 4468; x_wconf 84' lang='lat' dir='ltr'>statuimus:</span> <span class='ocrx_word' id='word_1_303' title='bbox 1167 4409 1261 4485; x_wconf 87' lang='lat' dir='ltr'>primo</span> <span class='ocrx_word' id='word_1_304' title='bbox 1281 4410 1414 4467; x_wconf 82' lang='lat' dir='ltr'>versibus</span> <span class='ocrx_word' id='word_1_305' title='bbox 1439 4474 1443 4482; x_wconf 45' lang='grc'><strong><em>,</em></strong></span> 
     </span>
     <span class='ocr_line' id='line_1_39' title="bbox 358 4482 1416 4572; baseline 0.009 -30"><span class='ocrx_word' id='word_1_306' title='bbox 358 4484 489 4542; x_wconf 86' lang='lat' dir='ltr'>bimetris</span> <span class='ocrx_word' id='word_1_307' title='bbox 511 4490 640 4557; x_wconf 87' lang='lat' dir='ltr'>constat,</span> <span class='ocrx_word' id='word_1_308' title='bbox 661 4482 785 4542; x_wconf 82' lang='lat' dir='ltr'>secunda</span> <span class='ocrx_word' id='word_1_309' title='bbox 806 4487 966 4562; x_wconf 82' lang='lat' dir='ltr'>trimetris,</span> <span class='ocrx_word' id='word_1_310' title='bbox 985 4490 1163 4552; x_wconf 83' lang='lat' dir='ltr'>tetrametris</span> <span class='ocrx_word' id='word_1_311' title='bbox 1184 4493 1290 4567; x_wconf 85' lang='lat' dir='ltr'>tertia,</span> <span class='ocrx_word' id='word_1_312' title='bbox 1311 4502 1416 4572; x_wconf 76' lang='lat' dir='ltr'>qnam</span> 
     </span>
    </p>
   </div>
   <div class='ocr_carea' id='block_1_16' title="bbox 0 0 1776 5325">
    <p class='ocr_par' dir='ltr' id='par_1_16' title="bbox 0 0 1776 5325">
     <span class='ocr_line' id='line_1_40' title="bbox 0 0 1776 5325; baseline 0 0"><span class='ocrx_word' id='word_1_313' title='bbox 0 0 1776 5325; x_wconf 95' lang='lat' dir='ltr'> </span> 
     </span>
    </p>
   </div>
  </div>
 </body>
</html>
