3542 5325
857 657 953 730 ²40

371 814 543 880 potestatem
561 815 590 860 et
603 809 794 860 sacerdotium
811 814 840 859 et
850 806 1029 875 prophetiam
1040 816 1070 860 et
1080 810 1200 862 tradidit
1209 812 1250 862 eis
1261 812 1355 863 claves
1366 814 1439 864 caeli

372 899 402 943 et
416 890 580 943 thesaurum
591 893 748 944 divinitatis
758 909 842 955 suae,
858 899 890 943 ut
904 892 1050 944 solverent
1062 900 1091 945 et
1106 894 1230 961 ligarent
1246 911 1279 945 ac
1292 898 1440 962 expiarent

371 974 516 1028 hominum
533 984 660 1044 peccata.
697 978 733 1028 Et
746 978 897 1028 deductum
915 984 958 1028 est
973 977 1008 1028 ab
1024 978 1066 1028 eis
1081 993 1114 1028 ac
1128 979 1205 1029 venit
1220 963 1439 1033 sacerdotiuma

370 1062 606 1129 generationibus
621 1063 651 1112 in
665 1062 879 1128 generationes,
898 1068 927 1112 et
936 1063 1034 1128 accepi
1045 1062 1080 1111 ab
1093 1063 1134 1112 eis
1145 1063 1346 1127 sacerdotium,
1364 1067 1439 1134 quod

371 1147 451 1197 venit
460 1152 489 1197 et
499 1147 629 1216 pervenit
640 1147 676 1197 ad
688 1146 879 1197 infirmitatem
893 1162 993 1209 iuream,
1010 1153 1038 1209 et
1049 1137 1159 1212 suscepi
1171 1145 1242 1196 illud
1253 1163 1305 1213 per
1316 1152 1438 1215 gratiam

370 1227 525 1293 eius‚'cum
540 1245 604 1281 mea
613 1230 797 1282 imbecillitas
813 1237 889 1280 esset
903 1230 1035 1297 indigna,
1053 1238 1082 1281 et
1097 1247 1163 1281 ecce
1174 1237 1218 1281 sto
1231 1229 1316 1283 hodie
1328 1233 1364 1284 ad
1375 1251 1438 1301 por-

340 1326 352 1348 *
370 1322 430 1366 tam
440 1315 609 1366 divinitatis.
645 1316 681 1366 Et
695 1320 762 1381 peto
773 1329 806 1365 ac
817 1314 960 1381 supplices
976 1315 1005 1364 in
1015 1316 1138 1382 suspirio
1148 1313 1237 1367 fundo
1249 1332 1348 1383 preces
1358 1319 1438 1369 boni-

370 1401 426 1451 tati
439 1402 514 1463 eius,
534 1404 566 1450 ut
579 1400 715 1450 immittat
728 1399 907 1449 clementiam
923 1397 1118 1466 gratiae'suae
1134 1399 1170 1450 ad
1186 1402 1322 1452 arrxilium
1338 1403 1438 1453 divini·

370 1486 440 1538 meis
454 1500 524 1537 suae
537 1491 567 1536 et
580 1484 684 1535 donrrm
700 1483 822 1550 Spiritus
838 1485 930 1534 sancti
945 1490 974 1534 et
988 1483 1133 1540 dexteram
1150 1486 1291 1537 essentiae
1307 1502 1375 1538 suae
1391 1488 1438 1539 ab·

371 1570 521 1622 sconditae
531 1584 616 1635 super
626 1584 736 1619 servum
748 1584 828 1618 suum
838 1567 925 1630 hunc,
943 1583 1024 1634 quem
1034 1567 1134 1634 elegit,
1146 1574 1177 1619 ut
1187 1570 1226 1619 sit
1234 1576 1333 1636 pastor
1342 1572 1439 1639 gregis

372 1655 426 1705 sui.
462 1656 499 1705 Et
512 1653 652 1704 concedat
660 1653 705 1703 illi
716 1654 867 1719 pluritatem
879 1659 909 1711 et
917 1667 1012 1703 mores
1023 1658 1200 1718 praestantes
1211 1654 1303 1720 sitque
1312 1656 1343 1706 in
1352 1656 1438 1708 domo

372 1739 434 1790 eius
450 1738 631 1806 dispensator
643 1744 673 1789 et
681 1744 778 1789 rector
789 1736 895 1799 tidelis,
912 1742 942 1787 et
951 1737 1107 1788 constituat
1117 1753 1181 1787 cum
1191 1753 1276 1804 super
1285 1738 1364 1790 illum
1376 1755 1438 1808 gra-
1459 1744 1461 1748 '

371 1822 437 1874 dum
454 1822 591 1886 Simonis,
606 1822 707 1873 Jacobi
726 1828 755 1872 ct
766 1809 899 1884 loannis,
916 1821 965 1887 qui
980 1820 1114 1872 sublimes
1130 1819 1246 1874 fuerumt
1264 1824 1293 1873 in
1312 1825 1438 1889 moribus

372 1908 595 1970 sanctimoniae,
613 1912 643 1958 et
654 1906 809 1957 descendat
819 1920 905 1971 super
916 1921 978 1956 eum
992 1905 1114 1972 Spiritus
1125 1913 1238 1958 sanctus
1249 1923 1311 1958 cum
1322 1908 1438 1975 imposi-

370 1992 452 2044 tione
460 2007 566 2044 suranus
587 1992 761 2058 peccatoris,
785 1990 859 2042 sicut
878 1985 1027 2041 descendit
1046 2006 1131 2056 super
1153 1992 1213 2042 eius
1233 1992 1389 2059 discipulos
1409 1994 1439 2059 in

371 2076 467 2128 medio
488 2075 637 2127 coenaculi
656 2074 814 2136 benedicti,
836 2079 865 2124 et
878 2074 917 2124 sit
932 2074 959 2124 ei
975 2074 1115 2125 Sacerdos
1131 2082 1225 2126 rectus
1241 2082 1269 2128 et
1284 2085 1380 2138 rector
1396 2094 1438 2129 sa·
1460 2063 1462 2067 ¹

370 2162 461 2228 piens,
479 2166 508 2211 et
520 2160 663 2211 mediator
676 2160 775 2226 plenus
786 2158 937 2225 sapientia,
954 2160 1002 2225 qui
1015 2158 1257 2210 aemuleturbona
1270 2176 1366 2227 opera.
1403 2164 1439 2215 Et

371 2246 401 2298 in
413 2246 460 2296 die
471 2260 526 2312 qua
537 2244 717 2310 apparueris,
733 2249 764 2293 ut
778 2243 930 2309 unicnique
941 2240 1051 2293 homini
1061 2245 1278 2296 retributionem
1289 2246 1339 2296 des
1350 2262 1438 2310 suam,

373 2336 458 2381 exeat
476 2330 506 2379 in
522 2344 669 2396 occursum
685 2327 820 2378 adventus
835 2328 877 2377 tui
893 2327 923 2378 in
938 2327 1068 2394 lampade
1084 2328 1156 2379 lucis
1177 2344 1293 2395 operum
1313 2346 1437 2381 suonun.

371 2416 409 2465 Et
425 2401 557 2466 introeat
571 2419 663 2463 tecum
684 2411 719 2463 ad
735 2412 896 2463 accubitum
916 2411 1076 2478 psallatque
1092 2412 1213 2479 gloriam
1232 2414 1344 2479 gratiae
1362 2421 1437 2477 tuae,

372 2498 469 2562 Pater,
480 2499 537 2549 Fili
547 2503 576 2548 et
586 2496 707 2563 Spiritus
719 2502 825 2558 sancte,
836 2511 908 2546 unus
918 2495 996 2546 Deus
1007 2511 1099 2546 verus,

407 2636 467 2683 ibid.
483 2640 503 2680 3,
515 2651 538 2693 p.
548 2641 583 2681 45.
600 2650 630 2678 ex
641 2637 688 2678 ord.
702 2634 810 2678 Marouit.
821 2635 850 2678 cl.
862 2650 883 2691 p.
896 2638 929 2678 ³0.
940 2638 973 2678 il.
986 2642 1051 2677 tono:
1069 2633 1226 2688 Protegite
1244 2648 1293 2677 nos
1308 2634 1343 2686 (iu
1354 2634 1438 2679 ahirot.

458 2704 600 2759 Patami.)

860 3053 950 3117 CIX.

574 3224 621 3289 In
644 3223 879 3287 Chirotooiu
902 3221 1240 3286 Potriurclrarum.

373 3478 450 3548 ‚pa
493 3476 609 3559 came
652 3467 753 3564 <pa
821 3498 837 3531 t:
859 3473 986 3543 cmc
1035 3475 1169 3544 orm
1208 3443 1360 3568 ξῑῶἶξ
1395 3473 1400 3485 ’

457 3605 615 3675 :rial-2303
640 3616 707 3695 d⁰fl
740 3612 895 3683 ‚himo
925 3594 973 3659 ,σῖ
1001 3601 1092 3671 Q
1121 3602 1188 3686 lp:
1220 3601 1335 3680 ,ma
1364 3602 1441 3679 μμ

373 3737 1357 3838 ΙΙωΔώιΙ-ποο-ιοσῖσὺὸ-τσυσιῶιΙᾺ-ῥ-φ-ιεὲοο
1527 3732 1529 3739 ’

702 3872 708 3883 ’
1254 3874 1442 3934 :tusum

346 4366 600 4496 'aen-aes
634 4416 759 4489 um
792 4416 907 4501 aar
952 4415 1028 4497 ιιι-,ο
1070 4413 1117 4533 rot
1161 4427 1215 4482 >a
1259 4436 1294 4502 ,a
1337 4412 1444 4483 :ro-s
