3542 5325
854 633 940 704 ²51

362 797 599 867 mum
636 800 730 890 με
761 813 798 892 ‚e
832 820 879 872 *22
918 814 992 887 rei
1030 794 1152 888 wia*
1186 792 1321 891 «ὦ
1355 802 1429 862 *⁵³

362 925 506 999 amm
535 927 613 998 ιιω
647 927 710 1013 ιιιο
746 927 961 1014 saeua
996 930 1070 1024 rm
1107 942 1171 1016 a>
1206 930 1280 1006 ‚a
1314 923 1427 1002 aaz»

747 1056 854 1146 ain}
883 1067 950 1124 >ui
979 1057 1055 1127 lu&
1085 1070 1188 1137 ,na-42
1216 1071 1269 1147 ρο
1301 1057 1350 1137 ,ὃ
1378 1051 1426 1117 ἐκ

431 1295 540 1365 chlion
552 1304 615 1347 tono
626 1297 716 1349 tertio.
737 1298 878 1360 (Dicunt
895 1300 1059 1365 psalmum
1074 1297 1174 1360 hunc)
1190 1296 1312 1348 Domino
1326 1298 1356 1347 in
1369 1299 1424 1348 vir-

358 1387 419 1432 tute
432 1387 481 1432 tua
491 1381 646 1460 laetabitur
657 1396 716 1445 rex,
727 1382 790 1445 All,
803 1389 832 1434 et
842 1384 872 1433 in
882 1382 1002 1434 salutari
1013 1390 1062 1434 tuo
1074 1382 1214 1434 exultabit
1222 1382 1314 1442 ¹valde.

401 1539 403 1543 .
427 1500 480 1562 (Et
494 1500 719 1566 respondent)
734 1500 915 1552 Desiderium
931 1502 1027 1553 cordis
1044 1502 1105 1552 eius
1119 1500 1245 1552 tribuisti
1261 1501 1297 1563 ei,
1313 1501 1376 1563 All,
1395 1509 1423 1551 et

358 1585 578 1650 praeparatione
592 1585 731 1635 labiorum
744 1586 804 1636 eius
815 1602 872 1636 non
883 1585 1055 1653 prohibuisti
1064 1601 1136 1637 enm.
1458 1589 1474 1623 s

324 1707 332 1716 “
427 1694 479 1756 (Et
493 1700 624 1745 mutant
641 1694 699 1744 illi
714 1695 771 1761 qui
788 1695 1006 1768 inceperunt)
1028 1696 1102 1756 Quia
1122 1696 1296 1761 praevenisti
1313 1711 1376 1746 eum
1391 1697 1422 1747 in
1491 1739 1494 1750 .

357 1778 557 1829 benedictione
573 1779 662 1841 bona,
678 1779 730 1829 All.
749 1786 777 1829 et
786 1779 849 1841 All,
867 1786 896 1829 et
910 1781 1031 1846 posuisti
1045 1782 1074 1831 in
1090 1781 1183 1847 capite
1202 1781 1272 1852 eius¹
1283 1795 1421 1856 coronam

357 1862 524 1929 gloriosam.
1273 1855 1278 1884 l

426 1964 480 2026 (Et
493 1963 614 2014 dicunt
629 1962 713 2014 hanc
729 1963 920 2032 stropham)
946 1965 990 2016 Tu
1009 1966 1087 2017 Deus
1108 1967 1244 2029 Verbum,
1266 1967 1315 2033 qui
1336 1981 1419 2033 appa-

356 2048 441 2098 ruisti
461 2063 523 2098 cum
539 2047 625 2099 Patre
647 2063 733 2115 super
748 2050 827 2099 illum
842 2057 967 2101 montem
982 2050 1061 2102 Sinai
1078 2057 1106 2102 et
1120 2052 1150 2101 in
1167 2051 1304 2117 mysterio
1325 2052 1420 2117 Moysi

356 2133 461 2184 levitae
479 2132 583 2183 dedisti
604 2132 696 2200 legem
716 2133 806 2184 cultus
822 2136 974 2185 ministerii
991 2136 1140 2202 temporis:
1164 2136 1242 2186 tuin
1263 2135 1419 2186 coenaculo

357 2218 503 2284 Apostolis
518 2218 574 2267 tuis
591 2223 718 2268 sanctum
733 2218 839 2269 dedisti
849 2219 984 2286 Spiritrmr
1002 2227 1031 2271 et
1041 2219 1188 2287 perfecisti
1198 2226 1282 2288 atque
1293 2236 1419 2271 consum-

354 2304 440 2353 masti
450 2317 514 2365 eos,
529 2308 562 2352 ut
575 2303 745 2354 mirabiliter
756 2304 969 2369 praedicarent,
986 2312 1014 2356 et
1023 2304 1119 2356 fecisti
1130 2319 1180 2355 eos
1191 2306 1281 2371 magis
1295 2305 1418 2355 clamare

355 2393 384 2439 et
394 2387 504 2438 dicere:
522 2386 693 2438 Sacerdotes
704 2403 801 2439 omnes
810 2388 981 2451 benedicite,
988 2390 1112 2451 laudate,
1124 2389 1299 2440 confitemini
1309 2405 1417 2439 summo

355 2471 485 2539 pontifici
493 2472 623 2522 veritatis
634 2470 748 2523 Christo
759 2473 924 2523 insaecula.

422 2571 668 2639 (Respondent)
680 2574 775 2625 Vitam
786 2575 869 2640 petiit
882 2590 899 2624 a
909 2580 937 2625 te
948 2581 977 2625 et
987 2574 1091 2637 dedisti
1104 2577 1137 2635 ei,
1149 2573 1201 2623 ΑΙΙ.
1214 2581 1243 2624 et
1252 2573 1314 2636 All,
1327 2575 1416 2640 longi-

353 2658 479 2711 tudinem
490 2657 599 2709 dierum
612 2659 640 2708 in
650 2658 793 2710 saeculum
806 2659 922 2711 saeculi.
1463 2657 1466 2665 “

424 2761 477 2824 (Et
492 2759 622 2821 dicunt)
641 2761 664 2810 A
678 2767 706 2811 te
717 2759 780 2811 fluit
794 2762 940 2823 sanctitas,
957 2767 1071 2811 sanctus
1082 2776 1121 2822 es,
1138 2766 1166 2810 et
1176 2760 1356 2826 pontificatus
1367 2776 1418 2826 per

353 2852 382 2897 te
392 2844 514 2896 traditus
526 2852 581 2906 est;
601 2852 672 2895 tues
686 2852 852 2912 acceptator
861 2846 1039 2905 victimarum
1051 2845 1085 2896 de
1097 2845 1225 2895 manibus
1236 2845 1416 2896 sacerdotum

352 2945 499 2982 servorum
515 2935 626 2980 tiromrm
639 2935 667 2979 et
682 2928 862 2980 condonator
871 2929 1030 2981 debitorum
1042 2930 1077 2979 ad
1086 2937 1114 2980 te
1126 2930 1336 2982 revertentium.
1373 2932 1417 2980 Tu
1486 2992 1489 3001 Ι

352 3031 404 3082 per
418 3014 617 3067 miserationes
633 3019 696 3064 tuas
714 3014 847 3066 concedis
864 3020 893 3065 et
908 3021 1053 3080 peccatum
1070 3015 1158 3065 totius
1174 3015 1271 3064 mundi
1281 3030 1332 3081 per
1343 3016 1415 3065 occi-

353 3101 465 3151 sionem
479 3105 557 3149 tuam
570 3098 693 3149 deletum
711 3105 766 3161 est,
788 3114 804 3149 o
821 3099 899 3164 Agna
912 3099 977 3150 Dei.
1014 3098 1184 3151 Sacerdotes
1195 3114 1293 3150 omnes
1302 3099 1416 3149 benedi-

352 3184 409 3236 cite
424 3190 454 3235 et
471 3183 585 3234 laudate
602 3189 631 3234 et
645 3184 820 3234 confitemini
839 3198 948 3233 summo
968 3183 1095 3249 pontifici
1112 3184 1242 3233 veritatis
1258 3181 1371 3233 Christo
1387 3183 1416 3232 in

338 3314 341 3321 .
352 3268 506 3320 saeculum.

405 3354 408 3363 ¹
421 3369 669 3435 (Respondent)
688 3370 810 3436 Magnus
824 3368 918 3420 factus
934 3375 977 3420 est
992 3370 1022 3419 in
1037 3369 1157 3419 salutari
1173 3374 1238 3430 tuo,
1253 3368 1375 3435 gloriam
1387 3374 1416 3419 et

352 3455 485 3506 decorem
499 3455 621 3520 posuisti
631 3469 717 3520 super
727 3471 800 3506 enm.

421 3555 516 3617 (ltem
538 3555 657 3607 dicunt
674 3554 914 3622 antiphonam·
935 3554 1092 3617 Stichon)
1116 3555 1433 3625 Salomoninproverg

345 3641 407 3692 vbiis
423 3641 554 3707 loquens,
571 3642 699 3707 quisnam
715 3647 771 3705 est,
787 3641 872 3703 dixit,
889 3641 1009 3692 dilectus
1025 3647 1102 3703 uiris,
1118 3638 1243 3706 pulchra,
1259 3653 1314 3705 quo
1333 3637 1415 3689 valde

351 3725 496 3793 gloriaris.
532 3725 661 3777 Dilectus
681 3741 760 3776 meus
781 3725 887 3775 electus
907 3739 941 3774 ex
961 3724 1055 3774 multis
1071 3724 1208 3786 millibus,
1230 3723 1309 3774 cuius
1326 3723 1415 3797 'vinea

349 3796 441 3860 lsrael
452 3816 503 3872 est,
516 3809 595 3860 albus
606 3826 674 3877 prae
686 3811 743 3860 vite
753 3808 851 3871 Jacob,
863 3815 893 3860 et
902 3810 1005 3859 rubeus
1015 3824 1083 3875 prae
1093 3815 1236 3876 unguento
1247 3798 1339 3870 nardi,
1353 3808 1414 3857 sub-

352 3893 412 3945 tilis
429 3894 605 3960 prae'cedris
623 3894 739 3954 Libani,
761 3893 917 3943 similitudo
935 3900 978 3943 est
990 3892 1058 3954 Dei,
1075 3909 1156 3959 quem
1171 3893 1331 3954 laudamus,
1348 3907 1414 3958 quo·

351 3977 428 4027 niam
441 3976 593 4029 laudabilis
607 3984 658 4029 est.
1281 3968 1283 3977 '

423 4079 471 4141 (ln
492 4080 623 4141 eodem)
648 4080 722 4141 Quia
741 4078 836 4130 iecisti
859 4094 921 4128 eum
940 4078 969 4128 in
983 4077 1210 4128 benedictionem
1225 4078 1255 4129 in
1270 4079 1414 4129 saeculum

353 4163 471 4226 saeculi,
485 4170 514 4215 et
522 4164 684 4216 laetificasti
696 4180 758 4216 eum
769 4164 881 4215 laetitia
891 4162 984 4213 vultus
993 4164 1043 4213 tui.

423 4250 601 4332 (Stropha)
620 4265 823 4332 Mysteriorum
838 4263 892 4315 hoc
908 4264 1022 4316 Samuel
1032 4265 1150 4330 mystice
1161 4264 1334 4331 designavit,
1350 4262 1413 4313 dum

353 4349 477 4400 accessit
496 4356 525 4401 et
544 4350 578 4401 de
593 4365 682 4402 cornu
694 4349 837 4400 unctionis
853 4349 940 4399 lilium
955 4349 1011 4399 lsai
1027 4349 1120 4411 vinxit3
1145 4365 1207 4399 cum
1229 4353 1322 4398 autem
1344 4347 1415 4398 vidit

352 4432 492 4485 Davidem
500 4434 531 4486 in
540 4434 725 4487 similitudine
735 4434 821 4497 illius,
834 4434 881 4500 qui
892 4434 977 4498 venit,
988 4440 1019 4485 ut
1027 4434 1232 4495 incarnaretur,
1244 4432 1324 4495 dixit,
1339 4433 1414 4499 quod
