3542 5325
855 621 941 692 ²51

363 785 600 856 maasiam
637 788 731 878 μμ
762 801 799 881 ,Α
833 808 880 860 uu
919 802 993 875 eeu
1031 782 1153 876 νίς*
1187 780 1322 880 <23⁰
1356 791 1430 851 ὼ

363 914 507 987 ‚loss-02
536 915 614 986 ltu-0
648 916 711 1003 lale
747 916 961 1003 -leuobup
997 918 1070 1012 lenm
1108 931 1172 1005 ‘1³3⁵
1207 919 1281 994 Δ,
1315 912 1428 991 423³

747 1044 855 1135 xuim-ll
884 1056 950 1112 Μ
979 1045 1056 1115 lca&
1086 1058 1189 1126 ‚baaz
1217 1059 1270 1135 <io
1302 1046 1351 1126 ,ὲ
1379 1040 1427 1106 ὦ

432 1284 541 1353 Cyclion
553 1292 616 1335 tono
627 1286 717 1337 tertio.
738 1286 879 1348 (Dicunt
896 1288 1060 1353 psalmum
1075 1285 1175 1348 bunc)
1191 1284 1313 1336 Domine
1327 1287 1357 1335 in
1370 1287 1424 1336 vir·

359 1376 420 1422 tute
433 1375 482 1420 tua
492 1369 646 1421 laetabitur
657 1384 716 1433 rex,
728 1370 791 1432 All,
804 1377 832 1422 et
844 1371 1003 1422 insalutati
1013 1378 1062 1422 tuo
1075 1368 1215 1422 exultabit
1223 1371 1315 1432 valde.

428 1488 482 1550 (Et
495 1488 720 1554 respondent)
734 1487 916 1540 Desiderium
932 1489 1028 1540 'cordis
1044 1491 1106 1540 eius
1121 1488 1246 1540 tribuisti
1262 1490 1297 1552 ei,
1314 1490 1377 1551 All,
1395 1495 1424 1539 et

359 1573 579 1638 praeparatione
593 1573 732 1624 labiorum
745 1574 805 1624 eius
816 1589 873 1624 non
883 1573 1056 1641 prohibuisti
1065 1589 1137 1625 eurn.
1459 1577 1475 1611 s

324 1697 333 1706 ”
428 1683 480 1744 (Et
495 1688 625 1733 mutant
643 1683 699 1732 illi
715 1683 772 1749 qui
788 1683 1007 1757 inceperunt)
1029 1684 1103 1744 Quia
1123 1684 1296 1749 praevenisti
1314 1685 1423 1734 eumin
1492 1727 1495 1738 ,

358 1765 558 1817 benedictione
574 1768 663 1829 bona,
679 1766 731 1816 dll.
749 1774 778 1818 et
787 1766 849 1828 All,
867 1774 897 1817 et
911 1769 1031 1834 posuisti
1046 1770 1075 1819 in
1091 1769 1184 1835 capite
1203 1769 1264 1819 eius
1284 1783 1421 1844 coronam

358 1849 525 1917 gloriosam.
1272 1843 1279 1872 ³·

427 1952 481 2015 (Et
495 1951 615 2002 dicunt
629 1950 714 2002 hanc
730 1951 921 2019 stropham)
947 1953 992 2004 Tu
1009 1954 1087 2005 Deus
1108 1955 1245 2017 Verbum,
1267 1955 1316 2023 qui
1337 1969 1420 2021 appa-

357 2036 441 2087 ruisti
462 2051 524 2086 cum
540 2035 626 2087 Patre
648 2052 734 2103 super
749 2036 827 2087 illum
842 2045 967 2088 montem
983 2038 1062 2090 Sinai
1079 2045 1107 2090 et
1120 2040 1151 2089 in
1167 2039 1305 2105 mysterio
1326 2040 1421 2106 Moysi

357 2121 462 2172 levitae
479 2119 583 2171 dedisti
605 2120 696 2188 legem
717 2121 807 2172 cultus
822 2123 975 2173 ministerii
991 2124 1141 2190 temporis:
1165 2124 1243 2174 tuin
1263 2123 1420 2174 coenaculo

358 2206 504 2271 Apostolis
518 2206 575 2255 tuis
591 2212 719 2256 sanctum
733 2206 840 2257 dedisti
850 2207 985 2275 Spiritum
1003 2215 1032 2260 et
1042 2207 1188 2275 perfecisti
1199 2215 1283 2276 atque
1294 2223 1420 2259 consum-

355 2291 440 2341 masti
451 2306 514 2352 eos,
529 2296 562 2340 ut
576 2290 746 2342 mirabiliter
756 2293 970 2358 praedicarent,
987 2299 1015 2344 et
1024 2292 1119 2344 fecisti
1131 2308 1181 2343 eos
1191 2294 1282 2359 magis
1296 2294 1419 2343 clamare

356 2382 386 2427 et
395 2375 504 2426 dicere:
523 2374 694 2427 Sacerdotes
705 2392 802 2427 omues
811 2377 982 2441 benedicite,
989 2378 1112 2440 laudate,
1125 2377 1300 2429 confitemini
1310 2393 1418 2427 summo

355 2460 485 2527 pontifici
494 2460 624 2511 veritatis
635 2458 749 2511 Christo
760 2462 789 2511 in
800 2462 924 2511 saecula.

422 2560 669 2627 (Respondent)
681 2562 776 2613 Vitam
787 2563 870 2628 petiit
882 2578 900 2613 a
910 2569 938 2613 te
949 2569 978 2613 et
988 2563 1092 2626 dedisti
1104 2566 1138 2624 oi,
1150 2562 1202 2612 All.
1215 2569 1244 2613 et
1252 2563 1315 2625 All,
1327 2563 1417 2629 longi-

354 2646 480 2699 tudinem
491 2646 600 2697 dierum
612 2646 641 2696 in
651 2646 794 2697 saeculum
806 2647 923 2698 saeculi.
1465 2649 1467 2654 '

424 2749 478 2812 (Et
493 2748 623 2809 dicunt)
642 2749 665 2798 A
678 2755 707 2799 te
718 2747 781 2799 fluit
796 2732 941 2812 sanctitas,
958 2755 1121 2811 sanctores,
1139 2754 1167 2799 et
1176 2749 1357 2814 pontificatus
1368 2765 1419 2816 per

309 2894 310 2901 ἵ
353 2840 382 2886 te
393 2833 515 2885 traditus
527 2840 582 2894 est;
602 2840 632 2883 tu
644 2849 674 2884 es
687 2840 853 2900 acceptator
862 2834 1040 2884 victimarum
1052 2834 1086 2884 de
1097 2834 1226 2884 manibus
1237 2834 1416 2884 sacerdotum

353 2934 500 2970 servorum
516 2924 627 2968 tuorum
640 2923 668 2968 et
683 2916 862 2969 condonator
872 2918 1031 2969 debitorum
1043 2918 1115 2970 adte
1127 2919 1336 2970 revertentium.
1373 2921 1417 2969 Tu
1486 2980 1488 2987 Ι

353 3018 405 3070 per
418 3003 618 3057 miserationes
633 3007 697 3052 tuas
715 3003 848 3054 concedis
865 3009 895 3054 et
909 3009 1054 3069 peccatum
1070 3004 1159 3054 totius
1175 3003 1272 3053 mundi
1282 3019 1333 3070 per
1343 3005 1416 3054 occi-

354 3089 470 3139 sionem·
480 3093 556 3137 tuam
571 3086 694 3137 deletum
712 3094 767 3150 est,
789 3103 805 3138 o
822 3088 900 3153 Agne
913 3087 978 3138 Dei.
1015 3086 1185 3138 Sacerdotes
1196 3103 1293 3138 omnes
1304 3088 1416 3138 benedi-

352 3173 410 3224 cite
426 3178 455 3223 et
472 3171 586 3222 laudate
603 3177 632 3221 et
646 3172 820 3223 confitemini
840 3187 949 3222 summo
968 3172 1096 3238 pontifici
1113 3172 1242 3222 veritatis
1258 3169 1372 3222 Christo
1388 3172 1416 3221 in

339 3256 507 3309 ramulum.

406 3342 409 3351 ¹
422 3357 670 3424 (Respondent)
689 3358 811 3424 Magnus
825 3357 918 3408 factum
935 3363 978 3408 est
993 3358 1023 3408 in
1039 3358 1159 3407 salutari
1174 3363 1238 3418 tuo,
1254 3357 1376 3423 gloriam
1388 3365 1417 3407 et

352 3443 486 3494 decorem
500 3443 621 3508 posuisti
632 3457 717 3509 super
728 3459 800 3494 eum.

422 3544 517 3607 (Item
539 3544 658 3594 dieunt
675 3542 914 3610 Antiphonam.
936 3543 1093 3605 Stichon)
1117 3543 1433 3613 Salomoninprover-¹

345 3629 408 3679 biis
423 3629 555 3695 loquens,
572 3629 699 3695 quisnam
716 3635 772 3693 est,
788 3628 873 3691 dixit,
890 3629 1010 3680 dilectus
1026 3635 1103 3691 mus,
1119 3626 1244 3694 pulchra,
1260 3632 1315 3693 qu'o
1333 3627 1415 3677 valde

351 3714 497 3782 gloriaris.
534 3713 662 3765 Dilectus
683 3729 761 3764 meus
782 3713 889 3764 electus
908 3728 942 3762 ex
962 3712 1056 3763 nrultis
1072 3712 1209 3774 millibus,
1231 3710 1310 3762 cuius
1326 3711 1416 3786 ‘vinea

349 3782 441 3849 lsrael
453 3804 504 3860 est,
517 3797 596 3848 albus
607 3813 675 3864 prae
687 3799 744 3848 vite
754 3797 852 3859 Jacob,
865 3803 894 3848 et
903 3798 1005 3848 rubeus
1016 3813 1084 3863 prae
1095 3803 1237 3864 rmguento
1248 3784 1339 3859 nardi,
1353 3797 1415 3845 sub-

351 3883 413 3932 tilis
429 3898 498 3948 prae
513 3881 606 3932 cedris
624 3882 739 3942 Libani,
762 3881 918 3932 similitudo
936 3887 979 3931 est
990 3881 1059 3942 Dei,
1076 3897 1156 3947 quem
1172 3881 1332 3943 laudamus,
1348 3895 1415 3947 quo-

352 3966 428 4016 niam
441 3965 594 4016 laudabilis
608 3973 659 4016 est.
1281 3960 1283 3965 ’

424 4067 471 4129 (ln
493 4067 624 4131 eodem)
649 4068 723 4129 Quia
741 4065 836 4118 fecisti
860 4082 922 4116 eum
941 4067 970 4115 in
985 4066 1211 4117 benedictionem
1227 4067 1256 4117 in
1271 4067 1414 4118 saeculum

353 4151 472 4214 saeculi,
485 4158 514 4203 et
523 4152 686 4203 laetificasti
697 4168 759 4203 eum
770 4152 882 4203 laetitia
892 4151 985 4201 vultus
994 4152 1044 4202 tui.

423 4236 601 4320 (Stropha)
621 4253 824 4319 Mysteriorum
838 4251 893 4303 hoc
909 4252 1022 4304 Samuel
1032 4253 1151 4318 mystice
1163 4253 1334 4319 designavit,
1350 4252 1413 4301 dum

353 4337 477 4388 accessit
496 4343 525 4389 et
544 4338 578 4389 de
594 4353 682 4389 cornu
695 4337 838 4388 unctionis
854 4337 942 4388 lilium
956 4337 1011 4387 lsai
1029 4338 1121 4399 unxit,
1146 4353 1208 4388 eum
1230 4341 1323 4386 autem
1345 4335 1416 4386 vidit

352 4420 493 4473 Davidem
502 4422 531 4474 in
541 4422 726 4475 similitudine
735 4422 822 4483 illius,
835 4423 882 4488 qui
893 4423 978 4486 venit,
988 4428 1020 4473 ut
1029 4424 1233 4483 incarnaretur,
1245 4420 1325 4483 dixit,
1339 4420 1415 4487 quod
