3542 5325
840 661 930 737 ns

353 840 404 905 15.
436 838 502 902 Καί
523 838 633 918 τιμίων
654 836 814 921 αίμάτων,
838 837 998 925 ῥοσθῆναι
1018 839 1051 905 ίκ
1072 837 1324 935 πταισμάτων

438 915 502 987 Καί
524 926 709 1006 νοσημάτων
731 929 861 1010 πικρῶν.
1325 947 1329 954 ·

388 1107 394 1116 ·
481 1072 698 1161 Στερίωσονι
681 1083 765 1182 ημᾶς
787 1077 818 1141 ἓν
840 1078 890 1142 σοι
898 1125 909 1156 ,
938 1074 1033 1158 κύριε,
1134 1109 1136 1114 ·

433 1158 473 1223 ‘0
494 1162 575 1269 ξίλρν
596 1158 755 1267 νεκρῶσας
775 1162 833 1243 τὴν
854 1158 1021 1268 ἁμαρτίαν,
1085 1170 1090 1180 ”

438 1244 556 1307 Καί
517 1270 580 1309 τον
602 1243 702 1354 φόβον
724 1270 782 1309 σου
803 1242 1032 1352 ίμφύτεοσον

353 1333 406 1396 90.
439 1332 496 1405 Εἷς
517 1330 574 1404 τὰς
594 1328 760 1415 καρδίας
744 1336 833 1412 ημῶν
851 1336 915 1400 τῶν
933 1325 1114 1411 ὑμνούντων
1136 1355 1181 1400 σε
1240 1375 1243 1382 ·
1296 1333 1356 1390 ··.·'

482 1482 669 1589 Πρεσβείαις
692 1506 765 1563 σου,
789 1477 896 1589 άγνὴ,
909 1479 1042 1565 Θεδν,
1027 1509 1062 1550 ον
1083 1477 1235 1570 ίτεκες,

439 1559 615 1650 Παράσχοο
637 1565 778 1631 εύίλατον
798 1576 864 1641 τοῖς
885 1565 1008 1647 ίκίταις,
1232 1579 1236 1588 “

442 1657 517 1727 Τοΐς
538 1651 757 1735 προςτρίχουσι
778 1657 817 1737 τῇ
840 1650 935 1737 οκίαῃ
958 1677 1027 1731 σου,

440 1738 505 1799 Καί
528 1743 644 1813 πιστῶς
666 1736 873 1824 προςκονοῶσί
892 1736 1027 1822 σαυτὴν
1049 1733 1168 1821 κύησιν.

358 1893 411 1954 95.
476 1886 578 1971 ’Όλην
598 1914 660 1970 μον
679 1888 736 1972 τὴν
758 1889 838 1971 ζωὴν
860 1887 1114 1973 διακοβίρνησον,

443 1974 610 2056 Παρδίνε,
632 1974 717 2048 ἐλπίς
737 1998 799 2054 μον
821 1975 872 2037 καί
894 1975 1081 2057 προστασία,
1130 1997 1133 2022 -·

443 2058 634 2140 Πειρασμῶν
656 2060 707 2121 καλ
730 2054 938 2163 περιστάσεων
960 2057 1150 2145 λοτρονμίνη

443 2141 564 2206 Δεινῶν
584 2168 640 2224 με,
664 2139 859 2226 άειπάρθενε.

487 2293 610 2378 Σοφίαν
631 2300 686 2357 τοῦ
711 2293 847 2357 Θεοῦ
814 2318 872 2375 την
893 2290 1101 2358 ἓνοιιάστατον
1123 2290 1273 2401 ἀγκάλαις

359 2382 412 2447 30.
438 2375 496 2453 Ως
518 2378 671 2464 φίροοσα,
699 2374 847 2457 Θεοτάκε,
872 2380 904 2454 ἐξ
925 2377 1051 2484 ἀγνοίας
1070 2404 1120 2442 και
1143 2377 1326 2465 πλανήσεως

446 2466 668 2549 Λοτρωθῆναι
689 2462 764 2538 τοὺς
784 2459 961 2545 ομνοῶντάς
982 2487 1016 2527 σε
1038 2462 1159 2529 ίκίτεοε.

488 2612 679 2726 Είςακήκοα,
703 2613 804 2724 κύριε,
835 2615 893 2701 τὴν
914 2613 1010 2698 ἀκοὴν
1031 2619 1088 2699 τῆς
1108 2621 1167 2700 σῆς
1187 2615 1377 2699 οίκονομίας,

420 2705 513 2775 Καὶ
534 2699 669 2779 ίδάξασά
690 2727 724 2768 σε
729 2752 740 2783 ,
762 2700 839 2785 μάνε
861 2699 1076 2788 φιλάνθρωπα
1132 2716 1134 2721 “

492 2860 566 2920 Τῶν
574 2853 768 2962 τραυμάτων
779 2879 851 2936 μον,
866 2853 1023 2933 δίσποινα,
1036 2859 1099 2917 τῶν
1114 2857 1170 2934 τῆς
1182 2857 1299 2934 ψυχῆς,
1314 2851 1431 2937 σαρκδς

362 2942 416 3007 35.
448 2936 706 3022 Νοσημάτων,ι
690 2967 710 3024 η
736 2940 815 3004 Θεὸν
838 2944 988 3018 τεκοῦσα,
1009 2935 1098 3003 λύσιν
1119 2936 1282 3025 παράσχου
1302 2963 1371 3020 μοι.

484 3072 540 3138 Ἕκ
561 3073 775 3179 περιστάσεως
797 3071 894 3181 ρῦσαί
910 3098 965 3156 με,
988 3071 1093 3182 μήτηρ
1118 3072 1211 3150 Θεοῦ,

447 3160 513 3224 Καὶ
535 3155 628 3242 ζάλης
649 3162 700 3225 καί
720 3159 869 3226 κινδύνων
894 3169 962 3238 ταῖς
984 3167 1054 3233 σαῖς
1075 3156 1218 3247 ἱκεσίαις,
1245 3154 1329 3241 μόνη
1352 3183 1433 3224 παν-

971 3240 1097 3329 ίμνητε.

492 3378 725 3461 Χειμαζάμενον
745 3376 880 3442 κλύδωνι
900 3384 1053 3459 βιωτικῶν
1077 3380 1262 3459 ίξιίρπασον,
1336 3382 1360 3399 “’

449 3463 616 3548 Παρθίνε,
648 3462 726 3547 πρὸς
748 3462 800 3526 τὸν
825 3463 880 3526 σὸν
902 3462 1009 3542 λιμίνα
1030 3460 1255 3545 καθοδηγοῦσά
1275 3487 1326 3568 με.

258 3640 262 3647 .
366 3604 418 3668 40
486 3595 604 3662 ‘0106
627 3597 732 3683 φωτὸς
748 3596 883 3678 χορηγὸς
903 3598 955 3660 και
976 3603 1039 3660 τῶν
1061 3604 1125 3661 σῶν
1148 3593 1270 3662 αδῶνων
1279 3598 1432 3704 ποιητὴς,

451 3684 565 3768 Κύριε,
593 3683 625 3747 ἔν
608 3687 692 3770 ντῶ
714 3682 795 3765 φωτί
816 3687 879 3744 τῶν
902 3687 966 3747 σῶν
982 3705 1119 3785 προςταρ
1119 3685 1250 3763 μάτων,
1277 3678 1434 3768 ὅδίργησον

445 3848 555 3928 Ἐκτύς
576 3876 634 3917 σον
655 3851 714 3938 γάρ
735 3848 831 3915 άλλον
856 3850 936 3914 Θιδν
957 3761 1215 3934 ούμῶῖῶσκομεν.

484 3984 647 4051 “οπλον’
629 3989 796 4094 αήττητον
806 3984 887 4051 κατά
908 3987 1052 4051 ποικίλων
1074 3991 1253 4090 πειρασμῶν
1275 3984 1395 4068 ἔχοντες

455 4078 528 4136 Τῶν
551 4073 712 4150 δυσμενῶν
733 4068 837 4176 πάσης
857 4072 1000 4154 ἐπηρείας
1021 4067 1224 4157 λυτρούμεθα
1245 4069 1304 4152 άεὶ,
1388 4080 1423 4125 .·':
1470 4150 1471 4157 ρ

253 4182 264 4206 *
367 4163 420 4226 45
455 4158 498 4221 Οί
517 4180 551 4220 σε
577 4152 786 4236 &eor6uov‚‘
771 4155 866 4240 αγνὴ,
891 4157 1095 4238 ἐπιστάμενοι.
1177 4192 1190 4210 .-
1294 4198 1296 4204 .

498 4287 559 4372 N67
560 4315 609 4354 ιου
631 4289 666 4354 τδ
687 4287 880 4372 πλήρωμα“
864 4317 883 4373 η
907 4290 1048 4372 άνωτίρα
1069 4288 1233 4373 Χεροαβιμ
1255 4289 1382 4368 τίτοκας

456 4375 522 4442 Τὸν
543 4381 600 4440 τού
626 4374 708 4438 Θεοῦ
729 4377 763 4440 ίκ
785 4382 843 4441 σού
865 4376 1072 4461 σαρκωθίντα
1092 4374 1159 4440 οίδν
1178 4383 1395 4460 μονογονῇ,

440 4459 501 4527 Ὃν
523 4456 600 4544 ύπδρ
623 4464 685 4524 τῶν
708 4456 828 4524 δούλων
850 4467 914 4525 τῶν
938 4466 1003 4526 σῶν
1023 4460 1190 4536 ίξιλίωσαι.
