3542 5325
430 823 501 888 Ἵνα
520 849 555 888 σε
575 821 687 900 πάντες
709 824 876 907 εἰλικρινῶς

433 908 487 972 Ἔν
506 917 562 999 μιᾷ
587 913 748 1001 δοξολογέρι
771 917 987 995 npogxnndpstv
1008 914 1058 976 καὶ
1084 908 1267 994 δοξάζωμεν.

478 1042 604 1125 {doside
606 1072 638 1108 ια
661 1043 800 1116 έστιοσαν
822 1046 852 1110 οἶ
872 1046 919 1131 μὴ
942 1055 1106 1128 τιμῶντες,
1132 1049 1278 1126 δέσποτα,

445 1131 509 1193 Τὸν
527 1138 713 1238 χαρακτῆρα
734 1139 790 1236 τῆς
810 1139 869 1241 σῆς
891 1132 1118 1216 σωματιδσειυς,

350 1220 428 1281 250.
443 1216 514 1300 Πρὸ
535 1213 658 1279 πάντων
676 1213 865 1298 ’Ῑιοάινης”
846 1244 913 1299 αμα
935 1219 992 1283 σὺν
1007 1219 1162 1302 Ἀντωνέοι
1184 1244 1235 1281 και
1261 1215 1423 1304 Θετοδτδρρι

964 1311 1008 1389 τῷ
1031 1308 1183 1381 δυσσεβεῖ,

446 1383 592 1472 Θεοδότῳ
614 1388 663 1449 καὶ
686 1395 750 1462 τοῖς
772 1383 895 1465 ἄλλοις,
927 1398 991 1464 τοῖς
990 1371 1184 1472 ἀλδστορσι
1207 1396 1263 1473 τῆς
1285 1391 1424 1462 πι’.στεως

479 1518 519 1583 ‘0
541 1521 615 1595 δοὺς
637 1522 693 1603 την
716 1523 839 1607 εἰρήνην
861 1549 919 1590 σου
940 1532 1006 1598 τοῖς
1027 1521 1228 1603 αποστόλοις,
1255 1526 1402 1602 δέσποτα,

441 1609 506 1669 Καὶ
530 1614 583 1668 οὖν
609 1604 770 1690 παράσχου
793 1611 850 1691 τὴν
871 1605 1048 1718 ρρλήνην”
1029 1635 1136 1686 απασι,

442 1688 591 1798 Συναχιον
613 1697 651 1775 τῇ
671 1694 753 1771 χειρί
772 1720 829 1756 σου
851 1695 924 1768 τοὺς
945 1695 1217 1779 διεσκορπισμέιοι
1218 1722 1243 1773 ς,

354 1780 430 1844 255.
444 1775 555 1838 Kat‘'
533 1801 636 1857 ωσπερ
658 1776 802 1859 πρόβατα
826 1778 952 1882 λυοχικδ

443 1864 598 1946 Συναρέδρ
600 1886 688 1942 annos
708 1869 747 1946 τῇ
767 1866 892 1952 μάτδρα
914 1870 971 1945 τῆς
992 1859 1082 1945 ἁγίας
1104 1864 1267 1947 ε’κκλνσιας
1288 1889 1355 1927 σου.

437 1995 666 2075 Δοξιιζωδ
667 1995 778 2103 εέιτητα
803 1997 937 2107 πατρὸς,
961 1997 1029 2060 υἱοῦ
1051 1999 1101 2059 καὶ
1125 2023 1190 2062 πιει
1194 2024 1309 2081 ματος,

446 2081 514 2163 Τὴν
535 2084 611 2161 μίαν
634 2080 738 2190 φύσιν
749 2086 862 2186 τρισὶν
870 2079 1077 2158 δποστιισεσι,
1102 2084 1211 2146 σι’·’σιαι
1229 2084 1408 2166 ἀμέριστον,

443 2165 620 2248 Διαιρετὴν
632 2165 828 2248 προσώποις,
850 2165 973 2248 ομοβασ
975 2171 1086 2245 έλειον,
1109 2171 1326 2278 παιτουρχδν,

356 2254 431 2322 260.
443 2253 618 2333 Πανσδενῇ
641 2256 853 2335 τελεταρχιάν,
876 2254 935 2342 τὴν
958 2254 1147 2333 συνέχουσαν
1170 2255 1209 2317 τα
1231 2252 1408 2335 σι’·μπαντιι,

469 2381 529 2448 ’Ἡ
545 2383 672 2450 πάντων
692 2385 828 2469 βοήθεια
850 2390 901 2451 καὶ
924 2388 1020 2469 σκέπη
1042 2416 1091 2451 και
1115 2388 1290 2470 ἅντιἊνμιτς,

444 2471 610 2548 Δεῖξον,”
595 2496 643 2534 οτι
666 2470 797 2537 δύνασαι
819 2470 1032 2554 πρεσβεύειν“
1018 2476 1094 2550 υπέρ
1117 2473 1242 2537 πάντων
1265 2477 1307 2550 τις
1323 2498 1356 2536 σε
1371 2499 1429 2536 κα-

969 2557 1195 2641 ταφευ,όντιυν,

423 2640 511 2717 Καὶ
534 2635 714 2715 desinentes
736 2640 809 2716 τοὺς
827 2644 985 2722 δυσσεβεῖς
1003 2650 1039 2728 τῇ
1058 2642 1184 2726 δυνάμει
1203 2649 1257 2708 τοῦ
1274 2642 1342 2707 υἱοῦ
1360 2668 1428 2721 σου,

439 2724 552 2800 Ὡς
518 2750 576 2810 γαρ
598 2725 703 2809 μήτηρ
727 2723 838 2790 πάντα
853 2727 994 2790 δύνασαι.

802 2865 998 2877 *nnn—⁴·—

446 2932 571 3013 Legitur
592 2936 623 2990 in
642 2880 763 2993 Boronii
784 2936 888 2994 Annei,
903 2935 1017 2997 Eccies.
1037 2935 1073 2992 ed
1092 2954 1158 2993 nnn.
1173 2936 1243 2992 842.
1275 2933 1359 2992 Tom.
1375 2930 1430 2993 IX.

363 3040 390 3097 p.
405 3018 489 3077 1059
503 3036 581 3094 seqq.
625 3019 713 3077 Jurnt
726 3023 909 3092 adscribere,
930 3041 1003 3098 quoe
1016 3018 1160 3077 Boronius
1177 3023 1195 3076 Ι.
1211 3040 1235 3076 υ.
1255 3040 1283 3097 p.
1301 3020 1379 3076 1053
1394 3021 1430 3076 de

362 3113 483 3162 suctore
510 3105 647 3160 carminis
677 3105 845 3164 adnotavit:
886 3104 1135 3163 Considerandum
1158 3115 1309 3180 putamus,
1339 3107 1432 3179 ipsius

363 3186 530 3269 (Theodori
546 3186 697 3268 studitae)
720 3189 857 3267 hymnum
877 3192 960 3247 iilum
981 3210 1044 3246 esse
1064 3208 1123 3245 nou
1140 3209 1242 3264 posse,
1265 3209 1349 3265 quern
1363 3199 1432 3243 onte
1523 3216 1525 3221 ·

363 3272 435 3331 hsee
457 3280 588 3347 temporo
609 3292 646 3328 ex
661 3268 715 3329 hnc
729 3277 792 3331 vita
806 3277 949 3352 migrasse
962 3274 1106 3344 vidimus,
1129 3283 1159 3329 et
1172 3272 1294 3349 hymnus
1309 3276 1359 3328 iiie
1373 3289 1432 3327 non

321 3376 324 3381 ·
364 3366 431 3413 sote
451 3355 524 3413 hsec
542 3366 690 3432 temporo,
713 3377 778 3414 cum
793 3378 851 3434 pox
862 3369 911 3414 -est
928 3361 1069 3415 eeclesiae
1083 3360 1237 3429 restituto,
1258 3360 1354 3432 potuit
1368 3375 1431 3412 esse

365 3442 505 3517 scriptus:
535 3441 610 3517 quod
629 3451 659 3497 et
680 3453 782 3499 unctor
801 3446 863 3518 ipse
882 3443 1063 3500 demonstret
1083 3442 1284 3512 numifestius‚
1313 3441 1378 3497 dnm
1400 3443 1431 3495 in

366 3527 428 3582 eins
446 3524 570 3599 septima
590 3524 645 3581 odo
665 3527 773 3602 uiginti
788 3537 854 3584 octo
869 3546 961 3583 annos
975 3529 1185 3602 persecutionis
1200 3525 1285 3582 huius
1299 3535 1432 3581 numeret

365 3620 532 3683 stempore
552 3611 681 3681 seilicet,
709 3630 764 3686 quo
785 3631 911 3689 regnare
932 3613 1083 3668 desinente
1101 3610 1183 3666 irena
1199 3612 1329 3687 Arrgnstn
1350 3609 1430 3684 pacis

366 3695 506 3748 ecciesiae
526 3696 741 3765 conciliatrire,
763 3698 907 3753 successit
921 3696 979 3752 heo
994 3699 1136 3751 Armeuus
1153 3695 1310 3770 imperator
1328 3692 1430 3749 icono-

367 3779 472 3846 einstn,
493 3778 635 3834 ecciesiae
654 3789 839 3855 persecutor,
862 3801 879 3837 o
901 3783 982 3837 euius
1004 3782 1118 3854 imperii
1142 3779 1263 3834 exordio
1284 3795 1374 3853 usquc
1395 3776 1431 3831 nd

368 3858 522 3935 Theophili
544 3859 730 3936 imperatoris
751 3866 878 3936 obitum,
907 3884 963 3939 quo
978 3866 1109 3919 extincte
1123 3874 1167 3918 ost
1180 3864 1362 3937 persecutio,
1387 3871 1432 3916 tot

366 3948 451 4016 suni,
475 3964 577 4021 nempe
590 3950 698 4023 viginti
713 3959 797 4020 octo,
821 3951 1005 4004 interiacent.
1045 3950 1137 4014 (iussu
1152 3948 1187 4002 ob
1202 3967 1264 4002 rem
1278 3945 1431 4001 dicendum

367 4040 424 4100 est,
446 4028 677 4105 hymnumliiium
694 4030 842 4101 Theodori
857 4053 921 4090 esse
936 4051 991 4086 uon
1007 4051 1108 4106 posse,
1131 4050 1216 4105 quens
1230 4031 1431 4087 existimomus

367 4115 489 4171 siicuius
504 4133 541 4169 ex
556 4114 706 4195 discipulis
721 4119 783 4172 eius
797 4118 968 4175 urrunnstcrii
983 4115 1165 4174 Studitorunr
1179 4115 1353 4189 professoris
1369 4133 1432 4168 esso

367 4215 449 4274 opus,
473 4209 502 4254 et
515 4199 640 4255 fortusse
654 4197 796 4267 honerati
809 4203 857 4257 vei
870 4202 991 4257 ulterius
1006 4219 1043 4254 ex
1059 4200 1274 4256 confessoribus
1289 4199 1358 4267 iliis,
1380 4197 1430 4271 qni

366 4283 416 4339 suh
438 4284 641 4358 persecutione
664 4283 844 4341 diversorum
865 4283 1092 4359 imperatorum,
1114 4286 1205 4339 nruito
1224 4303 1275 4357 pro
1292 4283 1370 4337 cuitu
1386 4300 1433 4335 sn-

368 4384 481 4424 ersrum
494 4369 655 4445 imaginum
676 4365 726 4447 (ut
738 4364 881 4446 vidimus)
903 4369 979 4444 possi
995 4379 1070 4424 sunt.

770 4536 1027 4545 *aona—...-
