3542 5325
861 599 925 676 53

439 772 582 851 Ζιοάσας
604 775 660 859 τὴν
682 773 785 857 σάρκα
805 778 856 841 καί
879 773 1074 861 στρατεύσας
1094 777 1159 843 κατ’
1185 776 1282 857 αύτίς
1375 836 1378 844 ,

443 865 512 920 1
474 884 525 935 αις
545 869 695 947 πονηραῖς
715 886 777 942 μου
800 861 940 944 πράξεσι.

353 995 408 1061 35.
485 999 536 1080 Τῇ
559 1003 615 1059 τού
628 994 738 1076 Ἅβελ,
759 995 883 1104 Ἰησοῦ,
907 996 964 1077 ούχ
986 993 1156 1079 δμοιώθην
1179 994 1370 1085 δικαιοσύνη,

440 1058 541 1162 Δῶρά
563 1105 612 1144 σοι
633 1080 725 1145 δεκτὰ
747 1079 784 1144 ού
805 1080 943 1164 προςηξά
967 1106 1051 1160 ποτε,

442 1163 489 1227 οο
511 1162 636 1275 πράξεις
656 1165 798 1242 ένθέους,
829 1166 866 1231 ού
889 1169 1006 1232 θυσίαν
1027 1130 1184 1250 ιίαθαρίιι,

445 1247 492 1312 Ού
513 1250 584 1329 βίον
606 1248 820 1333 ἀνεπίληπτον.
927 1291 931 1302 ·

404 1401 407 1408 ’
474 1394 566 1475 Ὡςε
553 1417 569 1463 ο
589 1395 671 1464 Κάῖν
692 1395 781 1464 καδ“
765 1407 869 1508 ημεῒς,
892 1400 979 1506 ψυχη
1002 1401 1112 1482 ἀθλία,

351 1487 406 1551 40.
441 1489 497 1571 Τῷ
520 1481 645 1548 πάντων
667 1486 775 1569 κτιστη
797 1481 961 1594 πράξεις“
943 1488 1083 1571 ρυπορδις

440 1551 505 1634 Κίκι
529 1571 644 1634 θυσίαν
665 1570 783 1673 ψεκτην
804 1572 854 1634 καί
877 1568 1033 1680 ἄχρηστον
1053 1572 1124 1653 βιον

436 1651 713 1740 Προςηγάγομεν“
700 1657 797 1736 ομού,
826 1654 945 1719 διὸκαὶ
967 1658 1203 1741 κατεκρίθημεν.

483 1806 548 1870 Τδν
570 1802 720 1910 πηλὸν,“
705 1831 721 1869 ο
730 1806 913 1915 κεραμευς,
938 1804 1190 1917 ζοιοπλαστησας,

433 1887 605 2000 Ἔνέθηκάς
625 1915 679 1957 αοι
686 1888 800 1998 σάρκα
822 1890 909 1954 καὶ
895 1898 992 1968 οστᾰ,
1017 1893 1067 1955 καί
1090 1917 1188 2001 πνοην
1208 1892 1258 1955 καί
1282 1886 1397 2000 ζωην·

350 1981 406 2046 45.
433 1966 561 2039 Ἀλλ’
537 2000 562 2038 ω
584 1973 696 2058 ποιητά
714 2000 775 2055 μου
797 1976 849 2039 καὶ
871 1939 1013 2060 λυτρωίά
1034 2001 1097 2058 μου
1116 1981 1167 2041 καί
1188 1976 1314 2060 γνωστὰ

361 2059 365 2066 ’
437 2061 668 2125 Μετανοούντα
689 2060 771 2136 δέξαι
791 2084 842 2141 με.

474 2210 644 2295 Ἓξαγγέλιο
666 2233 715 2276 σοι
722 2260 733 2291 ,
757 2218 874 2322 σῶτερ,
901 2212 958 2288 τὰς
980 2209 1189 2295 ίιμορτίοις,

426 2295 483 2372 ‘Ag
506 2296 730 2403 εἰργασάμην,
736 2298 787 2360 καὶ
809 2298 866 2373 τὰς
887 2321 950 2407 της
964 2305 1070 2381 ψυχης

322 2452 326 2462 ,
436 2381 500 2444 Καὶ
523 2388 579 2447 τοῦ
602 2375 748 2462 σώματός
763 2406 830 2488 μου
851 2382 981 2465 πληγὰς,
1083 2441 1085 2446 .

318 2505 321 2510 -
349 2469 403 2536 50.
426 2465 483 2541 ‘Ag
503 2491 532 2530 οι
523 2465 641 2530 ’ἔνδον
660 2490 820 2551 μιαιφονοι
839 2470 980 2551 λογισμοὶ
995 2472 1168 2551 ληστρικοῖις
1181 2490 1235 2548 μοι
1247 2467 1413 2560 ἐπέθηκαν.

481 2621 521 2682 EI
542 2620 595 2684 καὶ
615 2616 771 2701 ἥμαρτον,
761 2624 918 2728 ,σῶτερ,
942 2616 1006 2682 ἀλλ’
1032 2614 1112 2697 οίδα,

429 2703 503 2769 Ὅτι
526 2699 751 2848 φιλάνθρωπος
772 2699 812 2782 εί,
834 2709 977 2787 πληττεις
1003 2668 1180 2784 συμπάθῶς
1302 2724 1305 2731 ’

437 2791 502 2854 Καὶ
525 2792 661 2871 σπλαγχν
663 2788 709 2873 ίζη
731 2793 876 2898 θερμοις,
899 2784 1075 2895 δακρύοντα
1096 2788 1228 2868 βλέπεις,

328 2909 334 2933 .
436 2874 500 2949 Καὶ
522 2851 755 2957 προςτρέχείς“
734 2896 777 2947 ως
796 2873 899 2958 ποτηρ
921 2871 1085 2937 ανακαλῶν
1105 2871 1200 2939 τ”δν
1180 2896 1313 2939 ασωτον.

352 3028 404 3093 55
474 3022 674 3131 Ἐῤῥιμένον
674 3048 729 3105 με,
760 3029 878 3131 σῶτερ,
887 3023 981 3132 πρὸ
987 3030 1050 3088 τῶν
1071 3030 1177 3089 πυλῶν
1199 3049 1269 3103 σου,

438 3108 509 3173 Κάν
531 3113 562 3174 ἐν
583 3115 627 3194 τῷ
649 3111 733 3214 μηρει
753 3106 799 3191 μή
819 3135 860 3214 με
881 3107 1106 3216 άπορρίψης
1082 3113 1125 3186 εις
1141 3110 1224 3175 δδου
1244 3107 1348 3175 κενόν·

364 3256 368 3263 ,
432 3192 527 3257 Ἀλλά
549 3173 618 3277 πρὸ
631 3200 687 3257 τού
708 3190 856 3269 τέλουςι
836 3217 878 3267 αις
901 3190 1125 3280 φιλάνθρωπός
1143 3220 1199 3276 μοι
1221 3193 1276 3270 δὸς

436 3274 753 3363 Παραπτοιμάτων”
733 3300 852 3362 αφεσιν

474 3425 515 3493 ‘0
535 3434 666 3537 λησταΐς
686 3427 856 3515 περιπεσιδν
878 3426 969 3535 ἕρδ’
953 3425 1083 3512 υπάρχω
1095 3438 1159 3506 τοῖς
1174 3418 1330 3516 λογισμοῖς
1340 3454 1412 3512 μου,

354 3518 406 3583 60.
430 3513 529 3588 ’Όλος
549 3493 597 3576 ύιί
624 3512 727 3578 αὐτῶν
748 3512 1014 3622 τετραυμάτισμαι
1031 3522 1098 3595 νῦν,

433 3596 617 3683 Ἐπλὴσθην
636 3597 816 3704 μωλιύπιον,
843 3598 908 3663 ἀλλ’
934 3597 1030 3675 αύτάς
1048 3624 1103 3681 μοι
1125 3601 1261 3678 έπιστίις,

362 3764 369 3775 1
438 3684 558 3768 Χριστέ
580 3691 695 3768 σῶτερ,
723 3681 896 3768 ίάτρενσον.

475 3831 586 3915 Ἱερεύς
606 3859 644 3915 με
665 3833 800 3919 προιδεδν
822 3833 1046 3920 άντιπαρηλθε,

439 3917 538 3984 Καὶ(
525 3945 541 3983 ο
540 3921 700 4024 Λευίτης
719 3920 777 3999 flu
776 3944 841 3983 πων
863 3922 895 3983 ἓν
918 3923 1014 3983 δεινοί
999 3945 1026 3994 ις
1044 3916 1181 4005 ύπερεΐδε
1202 3915 1329 4003 γυμνόν,

357 4008 406 4072 65.
434 4000 550 4068 ἈλλΗ
537 4028 554 4065 ο
576 4006 761 4110 ἕκΜαρίας
782 4002 944 4079 ἀνατείλας
962 4004 1094 4087 Ἰησοῦς,

439 4087 487 4152 Σύ
508 4085 635 4164 ἐπιστάς
655 4114 694 4169 με
716 4087 874 4172 οίκτειρον.

478 4236 521 4305 ‘0
542 4237 674 4319 ambs
662 4264 679 4303 ο
701 4264 756 4303 του
775 4237 893 4304 Θεού“
879 4265 896 4303 ο
919 4238 1015 4323 αι’ριον
1035 4233 1161 4303 πάντων
1181 4240 1239 4314 τὰς
1254 4236 1417 4344 ἁμαρτίας,

435 4316 551 4429 Αρον
550 4323 605 4387 τὸν
627 4323 765 4390 κλοιδν’
750 4323 799 4386 an'
825 4329 901 4407 ἐμοῦ
922 4325 977 4389 τδν
998 4321 1098 4407 βαρυν
1113 4323 1172 4386 τὸν
1162 4348 1244 4429 της
1254 4320 1421 4432 αμαρτίας,

388 4405 551 4475 Καί“
530 4433 573 4486 ως
596 4405 804 4494 εύσαλαηχνάς
823 4435 877 4494 μοι
899 4407 953 4486 δδς
973 4404 1234 4495 παραπτωμάτων
1257 4406 1377 4493 ἄφεσιν.
