3542 5325
881 658 924 708 tv

366 834 566 906 Germnnm,
607 828 748 916 duplos,
786 827 899 894 Gallos
929 850 1045 895 novum
1075 824 1211 892 studium
1240 818 1357 888 exarsit
1386 817 1433 883 rei

367 944 637 1039 hymnologicae,
678 944 760 1013 adeo
794 946 998 1015 admirandus
1029 942 1285 1029 incredibilisque
1321 958 1433 1047 cursus

369 1067 409 1147 ad
438 1089 565 1149 omnem
596 1065 814 1131 excellentiam
841 1065 958 1135 factus.
1021 1066 1134 1152 ltaque
1160 1057 1315 1127 benevole
1340 1077 1434 1121 aoce-

369 1193 485 1276 porunt
503 1184 664 1272 copiosam
688 1184 935 1272 supellectilem,
976 1208 1037 1275 qua
1062 1180 1211 1271 expedita
1241 1176 1290 1243 via
1313 1173 1354 1241 ad
1382 1195 1433 1238 sa·
1517 1268 1519 1278 Ι

370 1326 446 1373 crae
484 1303 591 1393 poesis
626 1300 765 1387 indolem
810 1304 988 1371 accuratius
1030 1298 1283 1394 perspiciendam
1321 1301 1433 1382 aperta

371 1444 442 1491 essa
459 1421 633 1489 videbatur.
683 1421 759 1507 Ego
778 1444 853 1488 vero
873 1423 906 1488 in
931 1421 993 1488 hac
1006 1432 1098 1512 parte
1113 1420 1188 1488 mihi
1203 1408 1433 1483 elaborandum
1491 1475 1493 1480 s

371 1564 444 1611 essa
458 1563 595 1629 aequum
619 1539 770 1618 iudicavi,
802 1550 837 1607 ut
854 1542 1054 1608 Graecorum
1073 1542 1294 1629 Syrorumque
1320 1526 1433 1597 carmi-

372 1684 414 1728 na
454 1683 546 1727 sacra
575 1659 605 1724 in
642 1658 728 1725 cultu
761 1683 854 1725 sacro
889 1658 1030 1726 adbibita
1058 1657 1235 1733 fautoribus
1273 1650 1435 1717 offerrem.

372 1781 495 1868 Copias
517 1781 735 1864 Armenosque
768 1760 807 1843 eo
841 1778 969 1844 nomine
1000 1775 1191 1844 omittendos
1215 1781 1309 1862 puto,
1347 1761 1434 1855 quod

357 1890 481 1988 'pauca
505 1894 723 1962 tantummodo
755 1898 896 1964 carmina
925 1919 1036 1963 eorum
1071 1918 1163 1962 sacra
1191 1917 1210 1958 e
1241 1884 1433 1957 membranis

295 2082 302 2095 ,
372 2025 566 2082 erutasunt.
605 2014 722 2124 quippe
742 2029 825 2112 qua‘e
846 2017 878 2082 in
878 2016 1013 2112 prlyati
1033 2014 1128 2082 studii
1143 2012 1198 2106 sui
1199 2009 1355 2099 gratiam
1378 2025 1435 2069 ex·

274 2163 279 2175 ι
372 2135 566 2225 scripserunt
591 2115 721 2198 harlim'
733 2103 915 2200 litterarum
935 2125 1076 2201 amantes
1096 2133 1200 2220 atque
1206 2127 1314 2220 periti.
1367 2122 1437 2189 Ne·

372 2274 435 2341 que
465 2274 537 2318 oum
563 2251 698 2316 Graecis
727 2251 853 2338 quidem
876 2253 1031 2343 Syriaque
1057 2251 1191 2319 Musis
1182 2272 1250 2339 lpse
1279 2244 1434 2312 rationem

372 2370 492 2437 babere
517 2339 605 2459 potul
636 2369 678 2433 ob
700 2391 811 2437 causas
836 2395 915 2459 quas
949 2394 1059 2438 omnes
1096 2386 1346 2436 commemorare
1369 2383 1431 2427 non
1537 2347 1539 2352 ¹

290 2525 300 2538 =
373 2496 423 2556 est
458 2510 609 2568 necesse;
658 2490 829 2578 praecipue
863 2502 974 2589 tamen*
1000 2489 1079 2557 haec
1113 2498 1200 2566 erat,
1243 2482 1328 2574 qood
1345 2480 1435 2565 ,ani-

294 2619 298 2640 ‘
373 2629 458 2675 mum
473 2618 661 2699 occupatum
679 2608 773 2678 babai
792 2612 824 2690 in
842 2610 977 2689 chartis,
1002 2611 1028 2681 si
1051 2632 1114 2678 noa
1139 2607 1239 2678 doctis
1260 2613 1364 2670 tamen
1388 2598 1435 2666 la·

373 2726 584 2853 bpriosis

305 3006 308 3028 ι
476 2940 576 3073 Dum
583 2940 689 3057 animo
709 2918 950 3063 distrahebat,
958 2995 1029 3038 cum
1052 2972 1114 3038 boo
1144 2968 1219 3036 mibi
1240 2928 1436 3062 probabilius

373 3050 443 3181 tum
467 3052 562 3153 illud
584 3058 778 3167 ridebatur,
824 3088 925 3157 adfuit
955 3089 1107 3157 dubitanti
1144 3066 1438 3156 Reinboldi

373 3170 659 3272 Vdrmbaumi
674 3203 810 3273 eruditio
840 3221 937 3297 atque
962 3208 1148 3277 humanitas.
1213 3207 1328 3274 Gravis
1352 3207 1456 3285 enim‘

255 3353 257 3357 ι
374 3330 410 3388 ct
436 3318 549 3419 doctus
587 3323 857 3416 adolescens,a
837 3350 951 3417 aquo
989 3322 1109 3417 optima
1145 3351 1292 3417 quaeque
1323 3349 1436 3415 exspe-

374 3439 471 3512 clari
491 3452 643 3539 possunt,
686 3467 796 3545 ιιιιιιιιιι
832 3445 866 3512 in
892 3444 1153 3537 'Hymnologiam
1195 3446 1354 3535 antiquam
1381 3467 1438 3551 ιιι-

245 3643 247 3647 ⁴
374 3536 573 3640 flammatus,
619 3585 690 3647 cum
717 3563 749 3656 ia
780 3564 951 3633 'l'hesauro
983 3574 1093 3665 nostro
1124 3566 1252 3647 Graeoa
1281 3546 1437 3631 carmina·

374 3664 600 3768 desideraret,
650 3683 719 3773 ipae
761 3683 917 3751 acerrimo
962 3684 1068 3753 studio
1108 3655 1252 3751 la'cunam
1290 3682 1438 3772 explere
1485 3758 1489 3763 ,

267 3806 286 3849 ι’
349 3804 435 3876 vrat
504 3796 629 3868 Obtulit
655 3801 730 3869 mibi
759 3802 806 3869 vir
830 3799 1013 3891 praeclama
1035 3782 1235 3897 Graecorum
1263 3802 1436 3889 carminum
1480 3860 1486 3869 ,
1532 3800 1534 3803 ’

374 3910 523 3999 volumen
546 3916 786 4027 diligentissime
808 3931 984 3987 exaratum
1035 3893 1115 4008 Flgo
1136 3920 1266 3989 utillud
1291 3932 1438 4017 augeret,
1534 3904 1537 3911 ¹

375 4041 502 4103 auctum
524 4024 629 4103 denuo
648 4022 872 4151 perlustraret,
911 4035 1050 4145 denique
1071 4039 1240 4108 Thesauro
1266 4051 1375 4135 nostro
1400 4039 1439 4105 li·
1507 4122 1511 4135 .

373 4130 494 4255 bellum
522 4132 717 4249 adiungeret
747 4146 841 4223 etiam
870 4165 967 4246 atque
999 4157 1093 4242 etiam
1128 4136 1292 4251 rogabam
1360 4158 1437 4237 Non
1467 4217 1469 4220 .

251 4364 254 4369 ¹
374 4248 504 4362 negarit
534 4273 778 4343 Vormbaumius
810 4274 896 4367 quod
923 4286 1105 4370 optaveram
1138 4301 1197 4347 nec
1228 4278 1328 4348 doluit
1355 4280 1440 4371 opti·
1532 4283 1536 4288 ’
