3542 5325
856 611 954 699 106

495 799 541 864 Τό
559 796 664 879 στόμα
686 823 745 864 σου
766 795 936 881 διόνοιξας,
959 801 1061 880 ίίθλιε,

366 889 439 954 150.
453 883 556 948 οίιι’
542 911 573 947 εν
596 884 691 970 ιόδαῖς
713 897 949 966 πνευματικαῖς,
973 886 1037 949 άλ,’λ
1063 889 1094 949 ίν
1115 890 1332 978 βλασηηιιίιμς

448 970 541 1034 Κατὰ
564 976 619 1033 τοῦ
642 976 699 1033 σοῦ
721 967 890 1048 δεσπότου,
914 969 1141 1053 άπωθοιήιενος

451 1054 518 1137 Τὴν
540 1057 655 1137 σεπτίην
678 1058 836 1137 είκονοιιρ,
817 1057 895 1120 ίαν

490 1172 688 1278 A55'5555557555
709 1172 905 1282 πατίρων
872 1198 911 1237 τα
932 1171 1074 1256 δόγματα

448 1260 511 1321 Καί
532 1255 716 1322 ἀποστόλων
738 1256 878 1364 5556755,

363 1348 436 1411 155.
441 1342 555 1448 Ἄλλην
578 1341 680 1416 άλλως
700 1339 830 1448 γράφων
851 1344 932 1406 κατὰ
955 1342 1011 1423 τὴν
1036 1344 1094 1427 5155
1115 1347 1287 1427 θρησκείαν

445 1425 656 1511 Παράνομον,
676 1424 806 1510 Ἰωάννη
822 1426 1022 1512 χριστομάχε.

488 1542 586 1610 305‘
575 1571 591 1608 ο
613 1544 729 1622 καπιδς
751 1543 895 1653 δακρύων
917 1545 1062 1652 ίνίπλησε

449 1636 523 1695 Τῶν
545 1628 754 1711 εὐσεβούντων
777 1629 899 1713 όηιρθαλ
901 1627 983 1704 ιοάς·

440 1714 534 1779 Ἀλλά
556 1722 600 1777 τιό
623 1715 726 1802 άνίμιρ
749 1722 811 1780 τῶν
833 1718 929 1779 θείων
952 1709 1147 1778 διδασκάλων

363 1805 433 1869 100.
444 1801 720 1881 Διεσκίδασται,ρ
707 1796 915 1885 μαεαιόρρων
934 1797 1073 1896 Ἰωάννη.

487 1921 533 1981 ιι
554 1944 611 1999 την
633 1921 747 2003 στολὴν
769 1918 826 2001 τὴν
848 1919 940 1983 θείαν
962 1916 1134 2002 διίρλρηξιις,

435 2000 585 2107 ‘'55551555‘
573 2029 589 2066 ο
603 2002 722 2084 Λρειος
745 2004 781 2066 τό
803 2028 894 2113 ηριν,
919 2028 973 2066 τον
997 2029 1052 2066 του
1075 2007 1217 2088 λριστοο
1235 2029 1371 2084 χιτωνα·

442 2088 504 2152 Διό
526 2094 582 2170 τῆς
603 2088 764 2170 ίκκλησίας
785 2085 892 2194 πόρρω
913 2087 1076 2171 βίβλησαι,

438 2172 622 2253 Ἐκβληθείς
643 2171 790 2255 καθάπερ
808 2170 900 2236 κόων.

358 2256 430 2358 165.
483 2292 539 2354 M!
537 2316 574 2352 αν
595 2290 694 2396 ἀρχὴν
717 2287 835 2367 δοξάζειν
857 2286 1019 2371 θεότητος,

437 2373 526 2438 Ἔνι
511 2376 700 2440 οποστάσεσι
722 2377 831 2456 τρισίν,

440 2457 496 2533 Εἷς
521 2460 653 2535 Θεὸς
619 2486 679 2546 γαρ
701 2460 781 2536 ίστί,
805 2458 924 2542 πατὴρ,
948 2457 1014 2569 5555
1035 2462 1086 2522 καί
1109 2467 1240 2541 πνεῖμα,

439 2543 510 2609 Κάν
533 2543 677 2632 διῄρηται
694 2550 891 2630 χαρακτῆρσι
912 2545 963 2607 καί
987 2541 1174 2627 προσώποις.

480 2662 727 2771 Προηητικιίιςι
712 2664 789 2769 6755
812 2657 907 2729 θεοδό
910 2667 1013 2742 ξαστε,

356 2752 428 2817 170.
441 2747 541 2824 Πόλις
562 2753 705 2856 ε’δείχθης
727 2756 782 2814 τοῦ
808 2750 901 2827 Θεοῦ,

435 2825 532 2909 Ἔξ
511 2858 547 2915 ης
569 2832 742 2941 εἠενιόθη
742 2832 837 2909 αότός
858 2830 874 2897 5
898 2828 1027 2915 ποιητής
1050 2857 1117 2911 σου,

436 2918 533 2983 Μετὰ
555 2945 645 2984 τοκον
667 2945 700 2983 σε
723 2916 765 2995 ὡς
786 2920 822 2984 τδ
845 2919 917 3003 πρίν
939 2915 1142 3001 διαφυλάξας.

481 3034 597 3120 T55'
559 3063 687 3118 κιιμινον
703 3044 759 3120 τῆς
772 3036 891 3122 αιρίσει
884 3062 917 3112 ις
930 3042 985 3100 νῦν
1001 3032 1215 3115 κατέσβεσεν
1199 3062 1218 3106 ιι
1233 3036 1358 3101 θεία’
1317 3064 1416 3120 χιιρις,

439 3121 602 3206 Φλίγουσα
621 3124 805 3204 νοονμίνοιις
824 3125 1037 3269 χαλδαίσης
1016 3123 1066 3183 καὶ
1090 3122 1275 3201 δροσιᾌαοσα
1291 3121 1417 3213 τριάδος

984 3203 1165 3314 εράποντας,

314 3376 321 3389 ⁸
351 3293 424 3357 175.
440 3297 472 3356 Γ
470 3298 636 3375 ετραπλαις
655 3288 858 3373 ίβδοιιάσεσιν
878 3292 956 3354 ίτων
978 3292 1077 3353 αὐτίν
1099 3288 1366 3373 διακρατήσασαν.

476 3412 693 3484 Πεποίκιλται,
717 3408 944 3489 περιβίβληται,
968 3404 1240 3473 κεκαλλιιίπισται
1225 3434 1244 3490 5
1251 3409 1413 3513 ἐκκλησία,

434 3492 615 3578 Μόρφωσιν
636 3501 692 3556 τοῦ
715 3494 865 3598 δεσπότορ
887 3516 951 3554 των
972 3494 1053 3554 όλων
1075 3498 1131 3595 της
1153 3489 1341 3574 σαρκώσεως

433 3580 497 3640 Καὶ
520 3584 582 3641 τῶν
604 3574 825 3688 παθημάτων
822 3574 920 3639 αὐτοῦ
942 3577 992 3638 καί
1016 3577 1056 3638 55
1078 3574 1222 3680 σύμβολα
1243 3578 1383 3663 φέρουσα

432 3665 489 3739 Είς
510 3662 596 3739 τίλας
617 3662 697 3727 κατδ
717 3660 752 3725 εδ
774 3661 847 3736 τοδς
868 3662 975 3736 θείους
996 3658 1146 3741 θεσμοός.

349 3799 421 3868 180.
471 3794 634 3879 Ἕόρταζε,
658 3792 875 3881 πανηγύριζε“
862 3821 879 3860 ο
881 3792 1116 3905 755555556555505
1136 3796 1213 3871 λαὸς
1229 3799 1348 3880 κυρίου,

432 3882 612 3945 Βλίπων
577 3908 634 3964 την
656 3884 817 3964 ἐκκλησίαν
839 3882 891 3946 καί
913 3880 1004 3944 πάλιν
1027 3877 1264 3987 διαλάμπροσαν

434 3965 481 4029 Τδ
503 3967 614 4044 κάλλος
635 3973 692 4049 τῆς
713 3970 803 4041 θείας
823 3974 967 4071 μορφῆς,
990 3964 1028 4069 55
1053 3964 1177 4043 Θεδς“
1154 3990 1198 4031 ων
1220 3964 1378 4051 ίφόρεσεν,

426 4048 483 4125 Ὡς
504 4050 673 4136 ίίνθρωπος
695 4051 747 4115 διδ
769 4053 805 4116 τδ
825 4058 926 4117 σῶσαι
947 4048 1041 4133 ἡμᾶς.

469 4182 661 4296 ’15'5556756515
681 4190 731 4251 καί
754 4189 892 4253 ίπείνασε
915 4188 965 4249 καί
988 4186 1116 4269 ίδίψησε
1139 4188 1229 4269 σαρκί
1254 4183 1390 4293 όλόγος,

349 4275 419 4340 185.
433 4276 546 4335 Ταῦτα
567 4278 624 4354 τῆς
645 4271 846 4356 ἀνθρωπίνης
867 4270 976 4346 οὐσίας
998 4270 1170 4353 ἰδιώματα,
1202 4262 1290 4335 55'
1263 4297 1307 4335 ων
1330 4298 1413 4358 περι-

432 4433 533 4520 Οότος
556 4442 589 4507 δὲ
612 4447 650 4529 τῇ
673 4380 1361 4527 55555125550557555555522555521154.
