3542 5325
839 652 935 725 ²40

353 810 526 878 potestatem
543 810 572 855 et
585 804 776 856 sacerdotium
793 809 822 854 et
832 801 1011 870 prophetiam
1022 811 1052 855 et
1062 804 1182 856 tradidit
1191 807 1233 856 eis
1243 806 1337 857 claves
1348 808 1421 858 caeli

355 895 384 939 et
399 886 563 939 thesaurum
573 888 730 939 divinitatis
740 904 824 950 suae,
840 895 872 938 ut
886 887 1031 938 solverent
1044 895 1073 939 et
1088 889 1212 956 ligarent
1228 905 1261 940 ac
1274 892 1422 957 expiarent

353 970 499 1023 hominurn
515 980 642 1039 peccata.
679 973 715 1023 Et
728 973 878 1024 deductum
897 978 941 1023 est
955 972 990 1023 ab
1006 972 1048 1023 eis
1063 988 1096 1023 ac
1110 974 1187 1024 venit
1202 961 1421 1027 sacerdotiuma

353 1058 589 1125 generationibus
603 1058 633 1108 in
647 1057 861 1123 generationes,
879 1062 908 1107 et
918 1058 1016 1123 accepi
1027 1057 1062 1106 ab
1075 1058 1116 1107 eis
1127 1058 1329 1121 sacerdotium,
1346 1061 1421 1128 quod

353 1143 433 1193 venit
442 1148 471 1192 et
481 1142 611 1210 peruenit
622 1142 658 1192 ad
670 1141 862 1192 infirmitatem
875 1156 975 1202 meam,
992 1147 1021 1204 et
1031 1129 1142 1207 suscepi
1154 1140 1224 1191 illud
1236 1158 1287 1208 per
1298 1146 1419 1210 gratiam

353 1227 430 1289 aius,
446 1242 507 1276 cum
522 1242 586 1276 mea
595 1225 779 1277 imbecillitas
796 1231 871 1276 esset
885 1225 1017 1291 indigna,
1035 1232 1064 1276 et
1080 1241 1146 1275 ecce
1156 1232 1201 1275 sto
1213 1225 1298 1277 hodie
1311 1228 1345 1278 ad
1357 1245 1420 1295 por·

323 1322 334 1344 ·-
353 1318 412 1362 tarn
423 1311 591 1362 divinitatis.
627 1312 664 1361 Et
677 1317 744 1376 peto
755 1325 788 1360 ae
800 1310 942 1376 supplices
958 1310 988 1359 in
997 1311 1120 1376 suspirio
1130 1308 1219 1361 fundo
1231 1327 1330 1378 preces
1340 1314 1420 1364 boni-

353 1397 408 1447 tati
421 1397 496 1458 eiras,
516 1401 548 1446 ut
561 1395 697 1445 immittat
711 1394 889 1444 clementiam
905 1392 1100 1460 gratiae'snae
1117 1394 1152 1445 ad
1168 1396 1304 1445 arixilinm
1320 1397 1420 1447 divini-

353 1482 422 1532 tatis
437 1495 506 1531 suae
520 1486 549 1530 et
563 1480 666 1530 donum
683 1478 805 1545 Spiritus
821 1479 912 1529 sancti
927 1484 956 1529 et
971 1478 1116 1534 dexteram
1132 1480 1273 1531 essentiae
1289 1496 1358 1532 suae
1373 1483 1420 1532 ab·

353 1565 502 1616 sconditae
513 1580 598 1631 super
608 1579 718 1614 servum
730 1578 809 1613 suum
821 1561 907 1625 hunc,
926 1578 1008 1628 quem
1021 1562 1117 1629 elegit,
1128 1569 1160 1613 ut
1169 1564 1207 1614 sit
1216 1572 1316 1630 pastor
1325 1567 1421 1633 gregis

354 1650 408 1700 siri.
445 1650 481 1700 Et
495 1649 634 1699 concedat
643 1648 687 1698 illi
698 1648 849 1714 puritatem
861 1653 891 1706 et
899 1662 994 1698 mores
1005 1653 1182 1713 praestantes
1193 1649 1285 1715 sitque
1295 1650 1325 1701 in
1335 1650 1420 1702 domo

299 1801 302 1806 .
354 1735 417 1786 eius
432 1734 614 1801 dispensator
626 1740 655 1784 et
664 1740 765 1792 rector
772 1731 864 1782 fidelis
869 1768 877 1794 ,
895 1737 924 1782 et
933 1732 1090 1783 constituat
1100 1747 1163 1782 eum
1173 1748 1258 1799 super
1268 1734 1346 1784 illum
1358 1749 1421 1801 gra·
1441 1738 1443 1743 “

354 1819 420 1869 dum
436 1818 574 1880 Simonis,
589 1817 691 1868 Jacobi
708 1823 737 1868 et
749 1816 881 1878 loannis,
899 1816 947 1883 qui
962 1815 1097 1866 sublimes
1112 1815 1229 1868 fuerunt
1246 1818 1275 1868 in
1294 1820 1421 1884 moribus

354 1904 577 1965 sanedmoniae,
595 1909 625 1953 et
637 1901 792 1952 descendat
802 1915 887 1966 super
898 1916 960 1951 eum
975 1900 1097 1966 spiritus
1107 1908 1221 1953 sanctus
1231 1918 1293 1952 cum
1305 1903 1420 1970 imposi-

353 1988 434 2039 tione
443 2002 548 2038 uranus
569 1987 743 2053 peccatoris,
767 1986 841 2037 sieut
860 1980 1009 2036 descendit
1028 2001 1114 2052 super
1135 1987 1196 2036 eius
1216 1986 1372 2053 discipulos
1391 1988 1421 2040 in

354 2072 450 2124 medio
471 2071 620 2122 coenaculi
639 2068 796 2130 benedieti,
818 2074 847 2119 et
860 2069 899 2119 sit
914 2069 941 2119 ei
957 2068 1098 2120 Sacerdos
1114 2077 1207 2121 rectus
1223 2077 1252 2121 et
1266 2079 1363 2132 rector
1378 2088 1421 2123 sa·
1441 2058 1444 2062 ⁵

353 2157 444 2224 piens,
461 2162 490 2207 et
503 2155 645 2206 mediator
659 2155 758 2221 plenus
768 2154 919 2220 sapientia,
937 2154 984 2220 qui
998 2153 1240 2205 aemuleturbona
1252 2170 1349 2221 opera.
1386 2158 1422 2209 Et

353 2242 384 2294 ia
395 2242 442 2292 die
453 2255 509 2307 qua
520 2239 699 2306 apparueris,
715 2245 747 2289 ut
760 2238 913 2304 unicuique
924 2236 1033 2289 homini
1044 2239 1261 2290 retributionem
1272 2240 1322 2291 des
1332 2256 1420 2304 suam,
1500 2253 1502 2258 ·

355 2332 441 2377 exeat
459 2326 488 2375 in
504 2340 651 2402 occursum
667 2322 803 2374 adventus
817 2323 859 2372 tui
875 2322 905 2372 in
920 2322 1051 2390 lampade
1067 2323 1138 2374 lucis
1160 2339 1276 2389 operum
1296 2340 1420 2375 suorum.

354 2412 392 2461 Et
408 2411 535 2462 introeat
553 2415 645 2459 tecum
667 2407 702 2457 ad
718 2407 878 2458 accubitum
898 2406 1058 2473 psallatque
1075 2407 1195 2474 gloriam
1215 2409 1327 2474 gratiae
1344 2415 1420 2471 tuae,
1484 2433 1486 2438 ’

355 2494 451 2557 Pater,
462 2494 519 2545 Fili
529 2499 559 2544 et
568 2491 690 2558 Spiritus
701 2497 808 2554 sancte,
819 2506 891 2540 unus
901 2490 982 2554 Deus·
989 2506 1082 2541 verus.

390 2632 449 2678 luit.
465 2636 486 2676 3.
499 2647 520 2688 p.
531 2636 566 2676 45.
583 2645 613 2674 ex
623 2632 670 2674 ord.
684 2629 792 2673 Maeonii.
803 2630 832 2672 cl.
845 2645 866 2686 p.
878 2634 912 2673 30.
922 2633 956 2674 si.
968 2637 1033 2672 tono:
1052 2628 1208 2682 Protegite
1226 2643 1275 2672 uris
1290 2629 1326 2681 (iu
1336 2629 1421 2674 ahirot.

440 2699 582 2755 Patrimon.)

843 3048 933 3112 CIX.

557 3220 604 3284 In
626 3219 861 3282 chirotecae
884 3217 1223 3280 Patr'e'orclrorum.

357 3473 433 3544 ‚aa
476 3472 592 3554 isacar
635 3461 735 3559 «ρει
804 3493 819 3526 :2
842 3468 969 3538 tm
1018 3469 1152 3538 aaa
1191 3437 1343 3562 ζζΞξ
1378 3467 1383 3481 ·

440 3600 597 3670 :mimos
623 3611 690 3691 4034
723 3607 877 3678 ‚naimo
908 3589 956 3654 ,αἱ
984 3596 1075 3666 ιω
1104 3596 1171 3688 [μμ
1203 3595 1318 3674 ,m
1347 3597 1424 3673 μμ
1525 3671 1531 3679 ¹

357 3709 1340 3833 sarmaciensi-famaue&
1509 3724 1512 3735 ·

685 3868 691 3879 .
1237 3869 1425 3956 κω

358 4021 497 4090 liniam
547 4013 806 4106 ψὸὲςρρὣο
858 4032 987 4099 ..ο-ομ)
1029 4023 1099 4106 &²²⁶¹
1149 4005 1342 4098 <aL-2³00

544 4184 556 4201 .
643 4131 1495 4223 ειμωδοῇὲοωρδὲψοψῖοσῖῐλοζ·

331 4276 451 4373 ,ῑὼ
494 4289 585 4358 ιω
627 4279 668 4344 ὁω
704 4285 765 4355 tas
795 4284 865 4357 &a
901 4282 949 4352 mi
995 4282 1076 4353 iao
1111 4281 1187 4351 om
1222 4275 1344 4369 <aiio

359 4408 464 4492 lam
500 4414 583 4486 μὲ
617 4411 742 4484 um
775 4411 890 4497 baa-bl
935 4411 1011 4492 lisa
1053 4409 1100 4479 tot
1144 4422 1198 4477 »ὃ
1242 4431 1277 4497 ρ
1320 4407 1427 4478 ,ias
