3542 5325
858 641 968 697 v..

332 817 376 884 mi
398 906 400 910 y
421 816 505 886 riri,
525 813 635 905 studiis
676 835 868 882 summorum
907 816 1049 882 virorum
1088 815 1261 882 auctoritas
1303 822 1430 903 utque.-

332 935 491 1003 auxilium.
551 934 661 1002 Visum
675 923 734 1003 ¹est
758 944 864 1000 tumen
890 932 1084 1011 nonvomnia
1103 915 1266 1002 exhibere
1281 934 1403 1021 erut,
1520 930 1535 952 ”

245 1039 247 1044 ⁴
331 1052 459 1121 nased
488 1054 518 1119 in
548 1052 633 1119 bunc
657 1051 730 1119 libri
753 1053 882 1120 modum
907 1029 1114 1129 cuntrchere,
1151 1050 1293 1141 plurimia
1314 1051 1403 1124 reci·

331 1172 376 1238 sis
411 1181 508 1260 atrpue
539 1171 665 1249 eiectis,
708 1171 904 1261 potissimum
943 1169 1109 1237 deterioris
1144 1170 1273 1249 notetis,
1316 1143 1400 1261 quae

305 1298 460 1360 .traxore
484 1291 546 1359 ium
567 1289 685 1379 aliquid
714 1292 760 1356 sui
787 1289 897 1373 seculi.
961 1289 1073 1356 Habes
1101 1289 1302 1356 nihilominus
1329 1291 1398 1362 De·
1478 1277 1480 1282 ¹
1542 1272 1546 1276 ’

330 1407 449 1477 lectum
471 1410 714 1499 amplissimum,
753 1408 956 1518 Rumbacbio
984 1408 1117 1495 aliisque
1139 1408 1237 1476 multo
1260 1408 1399 1498 locuple·
1525 1476 1529 1490 ,

331 1527 465 1608 fierem,
484 1551 580 1617 quem
600 1552 679 1619 opus
702 1536 923 1596 nostrumnon
946 1526 1149 1596 mediocriter
1164 1549 1280 1596 ornere
1304 1538 1400 1617 gratu

259 1651 265 1658 ’
333 1656 442 1713 mente
464 1648 628 1714 confiteor.

439 1883 585 1953 Eandem
615 1885 752 1975 gratiam
776 1830 881 1951 relere
913 1882 1134 1952 Ludurlco
1167 1883 1400 1973 Spliethio‚

333 2001 564 2093 Philosophiae
583 2004 735 2081 Ductori,
768 2003 822 2092 qui
846 2013 997 2092 quantam
1017 2025 1148 2090 operum
1170 2000 1295 2069 dederit
1316 2003 1402 2070 litte·

333 2122 377 2187 ris
418 2122 625 2205 orientalibus
661 2124 842 2212 nuperrime
880 2121 968 2189 edita
1000 2121 1217 2189 Grammatico
1253 2122 1399 2201 Persico,

237 2246 255 2328 s
333 2239 645 2331 LexiooFerhengi
666 2240 820 2308 Roschidi
843 2241 1003 2328 praelixa,
1036 2240 1262 2328 comprobavit.
1312 2242 1401 2322 Num

333 2372 573 2458 peropportune
604 2360 736 2437 cecidit,
775 2358 862 2448 quud
885 2360 943 2425 Vir
963 2358 1089 2427 Ductor
1120 2382 1159 2424 ea
1181 2381 1244 2447 qua
1263 2358 1399 2451 insiguip
1507 2339 1513 2356 ³

334 2486 384 2543 est
404 2476 598 2547 humanitate
619 2478 828 2572 pollicebatur
849 2477 923 2543 mihi
944 2486 977 2543 et
996 2477 1223 2555 confirmabat,
1263 2499 1299 2543 se
1317 2501 1404 2574 cpe,-

333 2615 403 2662 rum
426 2594 587 2665 daturum·
602 2609 637 2665 ut
661 2596 793 2663 deiectis
819 2595 1102 2687 praestantissimis
1112 2588 1285 2685 'Syrorum
1307 2595 1401 2686 hyms
1451 2665 1455 2679 ,

333 2715 400 2795 uis,
432 2717 632 2783 occasionem
646 2714 906 2782 nanciscerentur
931 2714 1069 2781 lectores
1095 2713 1137 2780 'ad
1155 2717 1398 2807 poetarumsy·

244 2830 248 2835 ’
333 2855 442 2900 romm
465 2835 630 2925 ingenium
657 2816 753 2923 etque
776 2833 917 2902 indolem
941 2828 1208 2921 cognoscendam.
1231 2876 1247 2905 .·
1261 2833 1401 2905 Proetcr

334 2949 434 3020 llbrcs
456 2953 540 3043 typis
570 2952 725 3032 excusos,
764 2952 817 3041 qui
844 2935 910 3019 huc
930 2952 1108 3041 pertinent,
1142 2952 1249 3019 aditus
1269 2954 1401 3041 parebat
1525 2938 1532 2955 l

332 3070 493 3161 Spliethio
515 3069 557 3139 ad
582 3071 663 3139 duas
687 3073 887 3139 membranas
909 3068 1015 3135 adhuc
1045 3070 1242 3146 ineditas,'e
1265 3093 1398 3159 querum
1458 3146 1472 3163 .,

333 3210 420 3278 penu
454 3212 519 3255 non
547 3191 639 3257 natta
658 3185 844 3279 depromsit
900 3187 1037 3254 Accedit
1066 3186 1151 3275 quod
1181 3188 1298 3256 licebat
1320 3212 1399 3259 con·

286 3317 292 3325 “
335 3305 452 3396 fugere
478 3306 520 3375 ad
546 3306 789 3396 Roedigerum‚
832 3315 1073 3396 praeceptorem
1103 3318 1199 3394 atque
1215 3320 1400 3396 patronum,
1460 3336 1462 3341 ·
1530 3383 1532 3392 ,

336 3427 424 3494 cuius
453 3426 628 3493 doctrinam
664 3425 798 3513 copiose.
825 3424 1012 3512 praedicare
1039 3446 1309 3513 supervacaneum
1331 3424 1399 3507 est,
1538 3493 1542 3505 ,

286 3606 290 3621 ,
335 3568 408 3613 cum
429 3544 514 3636 apud
531 3566 641 3612 omnes
657 3543 722 3610 suis
743 3538 890 3609 laudibus
906 3541 1096 3608 celebretur.
1146 3544 1249 3612 Multu
1262 3546 1400 3646 exquisi-

335 3665 417 3732 tiora
429 3687 469 3735 ex
486 3662 677 3753 amplissimo
693 3661 845 3727 librorum
859 3669 1014 3750 apparatu
1029 3659 1249 3730 VirSummus
1264 3665 1400 3754 protulit

337 3783 452 3873 quibus
466 3780 654 3872 Spliethium
679 3779 857 3848 humaniter
882 3778 1012 3846 adiurit.
1101 3833 1103 3836 .

451 3984 536 4086 Num
573 4019 734 4098 Graecus,
769 4041 842 4086 num
872 4020 973 4108 Syrus
1007 4020 1038 4086 in
1060 4044 1131 4105 ,suo
1163 4022 1294 4112 quisquc
1327 3990 1401 4093 md·
1505 4040 1538 4097 ’ζΙ

338 4161 416 4205 nere
436 4126 604 4205 commode
631 4132 792 4215 versutus,
827 4137 967 4228 quidque
994 4139 1055 4205 hcc
1082 4141 1234 4230 opusculo
1262 4143 1399 4233 praesti-

340 4268 405 4326 tum
429 4258 488 4339 sit,
523 4258 592 4347 ipse
613 4253 728 4323 iudica.
781 4256 899 4346 Neque
921 4280 985 4346 ego
1009 4259 1097 4349 potui
1121 4260 1195 4328 mihi
1209 4270 1401 4354 temperare,
