<?xml version="1.0" encoding="UTF-8"?>
<!DOCTYPE html PUBLIC "-//W3C//DTD XHTML 1.0 Transitional//EN"
    "http://www.w3.org/TR/xhtml1/DTD/xhtml1-transitional.dtd">
<html xmlns="http://www.w3.org/1999/xhtml" xml:lang="en" lang="en">
 <head>
  <title>
</title>
<meta http-equiv="Content-Type" content="text/html;charset=utf-8" />
  <meta name='ocr-system' content='tesseract 3.04.00' />
  <meta name='ocr-capabilities' content='ocr_page ocr_carea ocr_par ocr_line ocrx_word'/>
</head>
<body>
  <div class='ocr_page' id='page_1' title='image "./thesaurushymnol03danigoog_0219.png"; bbox 0 0 3542 5325; ppageno 0'>
   <div class='ocr_carea' id='block_1_1' title="bbox 762 579 1007 624">
    <p class='ocr_par' dir='ltr' id='par_1_1' title="bbox 762 579 1007 624">
     <span class='ocr_line' id='line_1_1' title="bbox 1005 579 1007 590; baseline 0 0"><span class='ocrx_word' id='word_1_1' title='bbox 1005 579 1007 590; x_wconf 90' lang='grc' dir='ltr'><strong><em>ι</em></strong></span> 
     </span>
     <span class='ocr_line' id='line_1_2' title="bbox 762 606 770 624; baseline 0 0"><span class='ocrx_word' id='word_1_2' title='bbox 762 606 770 624; x_wconf 54' lang='grc' dir='ltr'>Κ</span> 
     </span>
    </p>
   </div>
   <div class='ocr_carea' id='block_1_2' title="bbox 351 806 1388 985">
    <p class='ocr_par' dir='ltr' id='par_1_2' title="bbox 351 806 1388 985">
     <span class='ocr_line' id='line_1_3' title="bbox 433 806 1388 922; baseline 0.003 -47.009"><span class='ocrx_word' id='word_1_3' title='bbox 433 806 597 918; x_wconf 68' lang='lat' dir='ltr'><strong><em>tA6&lt;›t⁴&#39;</em></strong></span> <span class='ocrx_word' id='word_1_4' title='bbox 554 834 658 877; x_wconf 90' lang='grc' dir='ltr'><strong><em>παντα</em></strong></span> <span class='ocrx_word' id='word_1_5' title='bbox 680 809 809 922; x_wconf 79' lang='grc' dir='ltr'><strong><em>φερέτω.</em></strong></span> <span class='ocrx_word' id='word_1_6' title='bbox 847 809 938 894; x_wconf 80' lang='grc' dir='ltr'><strong><em>Ἐμοί</em></strong></span> <span class='ocrx_word' id='word_1_7' title='bbox 960 817 1094 887; x_wconf 77' lang='grc' dir='ltr'><strong><em>πλοῦτος</em></strong></span> <span class='ocrx_word' id='word_1_8' title='bbox 1114 808 1157 888; x_wconf 78' lang='grc' dir='ltr'><strong><em>εἷς</em></strong></span> <span class='ocrx_word' id='word_1_9' title='bbox 1177 810 1388 900; x_wconf 88' lang='grc' dir='ltr'><strong><em>πολυίραστος</em></strong></span> 
     </span>
     <span class='ocr_line' id='line_1_4' title="bbox 351 891 1153 985; baseline -0.005 -21"><span class='ocrx_word' id='word_1_10' title='bbox 351 898 407 964; x_wconf 96' lang='grc'><strong><em>45.</em></strong></span> <span class='ocrx_word' id='word_1_11' title='bbox 433 891 484 960; x_wconf 87' lang='grc' dir='ltr'><em>Ἥ</em></span> <span class='ocrx_word' id='word_1_12' title='bbox 501 902 563 963; x_wconf 90' lang='grc' dir='ltr'><strong><em>τῶν</em></strong></span> <span class='ocrx_word' id='word_1_13' title='bbox 585 895 780 982; x_wconf 75' lang='grc' dir='ltr'><strong><em>διδασκάλων</em></strong></span> <span class='ocrx_word' id='word_1_14' title='bbox 800 898 889 985; x_wconf 84' lang='grc' dir='ltr'><strong><em>τριάς</em></strong></span> <span class='ocrx_word' id='word_1_15' title='bbox 910 894 1153 983; x_wconf 76' lang='grc' dir='ltr'><strong><em>ῥητορεύουσα.</em></strong></span> 
     </span>
    </p>
   </div>
   <div class='ocr_carea' id='block_1_3' title="bbox 432 1045 1419 1243">
    <p class='ocr_par' dir='ltr' id='par_1_3' title="bbox 435 1045 1419 1219">
     <span class='ocr_line' id='line_1_5' title="bbox 475 1045 1419 1160; baseline 0.006 -48.058"><span class='ocrx_word' id='word_1_16' title='bbox 475 1045 540 1114; x_wconf 83' lang='grc' dir='ltr'><strong><em>Ῥεῖ</em></strong></span> <span class='ocrx_word' id='word_1_17' title='bbox 562 1050 703 1131; x_wconf 83' lang='grc' dir='ltr'><strong><em>ποταμός</em></strong></span> <span class='ocrx_word' id='word_1_18' title='bbox 730 1048 907 1136; x_wconf 74' lang='grc' dir='ltr'><strong><em>ἀμβροσίαν</em></strong></span> <span class='ocrx_word' id='word_1_19' title='bbox 935 1049 987 1113; x_wconf 80' lang='grc' dir='ltr'><strong><em>καί</em></strong></span> <span class='ocrx_word' id='word_1_20' title='bbox 1015 1047 1178 1160; x_wconf 79' lang='grc' dir='ltr'><strong><em>νεκταδρεἴ</em></strong></span> <span class='ocrx_word' id='word_1_21' title='bbox 1194 1058 1260 1126; x_wconf 79' lang='grc' dir='ltr'><strong><em>τοῖς</em></strong></span> <span class='ocrx_word' id='word_1_22' title='bbox 1280 1057 1419 1124; x_wconf 80' lang='grc' dir='ltr'><strong><em>πεινῶσιν</em></strong></span> 
     </span>
     <span class='ocr_line' id='line_1_6' title="bbox 432 1129 1397 1243; baseline 0.003 -47.009"><span class='ocrx_word' id='word_1_23' title='bbox 432 1129 612 1243; x_wconf 74' lang='grc' dir='ltr'><strong><em>Ἀθάνατος</em></strong></span> <span class='ocrx_word' id='word_1_24' title='bbox 631 1141 766 1217; x_wconf 75' lang='grc' dir='ltr'><strong><em>βρῶσις,</em></strong></span> <span class='ocrx_word' id='word_1_25' title='bbox 788 1136 840 1199; x_wconf 76' lang='grc' dir='ltr'><strong><em>καὶ</em></strong></span> <span class='ocrx_word' id='word_1_26' title='bbox 861 1142 927 1209; x_wconf 80' lang='grc' dir='ltr'><strong><em>τοῖς</em></strong></span> <span class='ocrx_word' id='word_1_27' title='bbox 949 1135 1085 1214; x_wconf 80' lang='grc' dir='ltr'><strong><em>διψῶσιν</em></strong></span> <span class='ocrx_word' id='word_1_28' title='bbox 1106 1133 1276 1243; x_wconf 83' lang='grc' dir='ltr'><strong><em>άφθαστος</em></strong></span> <span class='ocrx_word' id='word_1_29' title='bbox 1296 1131 1397 1215; x_wconf 84' lang='grc' dir='ltr'><strong><em>πόσις,</em></strong></span> 
     </span>
    </p>
   </div>
   <div class='ocr_carea' id='block_1_4' title="bbox 432 1207 1511 1327">
    <p class='ocr_par' dir='ltr' id='par_1_4' title="bbox 432 1207 1511 1327">
     <span class='ocr_line' id='line_1_7' title="bbox 432 1207 1511 1327; baseline 0.001 -46.017"><span class='ocrx_word' id='word_1_30' title='bbox 432 1207 540 1327; x_wconf 78' lang='grc' dir='ltr'><strong><em>Ὗδωρ</em></strong></span> <span class='ocrx_word' id='word_1_31' title='bbox 563 1219 622 1297; x_wconf 84' lang='grc' dir='ltr'><strong><em>ζῶν</em></strong></span> <span class='ocrx_word' id='word_1_32' title='bbox 637 1221 680 1296; x_wconf 75' lang='grc' dir='ltr'><strong><em>εἰς</em></strong></span> <span class='ocrx_word' id='word_1_33' title='bbox 697 1221 813 1295; x_wconf 74' lang='grc' dir='ltr'><strong><em>αἰῶνας</em></strong></span> <span class='ocrx_word' id='word_1_34' title='bbox 827 1221 877 1284; x_wconf 82' lang='grc' dir='ltr'><strong><em>καὶ</em></strong></span> <span class='ocrx_word' id='word_1_35' title='bbox 894 1217 1020 1299; x_wconf 90' lang='grc' dir='ltr'><strong><em>συνέχον</em></strong></span> <span class='ocrx_word' id='word_1_36' title='bbox 1035 1220 1154 1298; x_wconf 82' lang='grc' dir='ltr'><strong><em>ζῶντας</em></strong></span> <span class='ocrx_word' id='word_1_37' title='bbox 1164 1218 1237 1298; x_wconf 85' lang='grc' dir='ltr'><strong><em>τούς</em></strong></span> <span class='ocrx_word' id='word_1_38' title='bbox 1252 1218 1419 1296; x_wconf 84' lang='grc' dir='ltr'><strong><em>πίνοντας·</em></strong></span> <span class='ocrx_word' id='word_1_39' title='bbox 1509 1215 1511 1224; x_wconf 77' lang='grc'><strong>’</strong></span> 
     </span>
    </p>
   </div>
   <div class='ocr_carea' id='block_1_5' title="bbox 438 1299 1165 1389">
    <p class='ocr_par' dir='ltr' id='par_1_5' title="bbox 438 1299 1165 1389">
     <span class='ocr_line' id='line_1_8' title="bbox 438 1299 1165 1389; baseline 0.003 -22"><span class='ocrx_word' id='word_1_40' title='bbox 438 1299 563 1381; x_wconf 85' lang='grc' dir='ltr'><strong><em>Πάντες</em></strong></span> <span class='ocrx_word' id='word_1_41' title='bbox 584 1302 831 1389; x_wconf 88' lang='grc' dir='ltr'><strong><em>πλημμυρούσης</em></strong></span> <span class='ocrx_word' id='word_1_42' title='bbox 851 1305 932 1387; x_wconf 83' lang='grc' dir='ltr'>ζωῆς</span> <span class='ocrx_word' id='word_1_43' title='bbox 952 1300 1165 1389; x_wconf 77' lang='grc' dir='ltr'><strong><em>ἐμφορὴθητε.</em></strong></span> 
     </span>
    </p>
   </div>
   <div class='ocr_carea' id='block_1_6' title="bbox 802 1456 979 1522">
    <p class='ocr_par' dir='ltr' id='par_1_6' title="bbox 802 1456 979 1522">
     <span class='ocr_line' id='line_1_9' title="bbox 802 1456 979 1522; baseline -0.006 -1"><span class='ocrx_word' id='word_1_44' title='bbox 802 1456 979 1522; x_wconf 82' lang='grc' dir='ltr'><strong><em>Θευτόκιον.</em></strong></span> 
     </span>
    </p>
   </div>
   <div class='ocr_carea' id='block_1_7' title="bbox 348 1555 1493 1897">
    <p class='ocr_par' dir='ltr' id='par_1_7' title="bbox 348 1555 1493 1807">
     <span class='ocr_line' id='line_1_10' title="bbox 348 1555 1419 1669; baseline -0.004 -42"><span class='ocrx_word' id='word_1_45' title='bbox 348 1560 407 1627; x_wconf 77' lang='grc'><strong>50.</strong></span> <span class='ocrx_word' id='word_1_46' title='bbox 432 1556 604 1667; x_wconf 81' lang='grc' dir='ltr'><strong><em>[Ἕσχεν</em></strong></span> <span class='ocrx_word' id='word_1_47' title='bbox 624 1558 714 1666; x_wconf 79' lang='grc' dir='ltr'><strong><em>ἐσχυν</em></strong></span> <span class='ocrx_word' id='word_1_48' title='bbox 734 1555 847 1622; x_wconf 68' lang='grc' dir='ltr'><strong><em>ιιαθΗ</em></strong></span> <span class='ocrx_word' id='word_1_49' title='bbox 829 1566 920 1669; x_wconf 84' lang='grc' dir='ltr'><strong><em>ημῶν</em></strong></span> <span class='ocrx_word' id='word_1_50' title='bbox 939 1584 960 1641; x_wconf 90' lang='grc' dir='ltr'><strong><em>η</em></strong></span> <span class='ocrx_word' id='word_1_51' title='bbox 946 1555 1084 1638; x_wconf 73' lang='lat' dir='ltr'><strong><em>‘xaxla,</em></strong></span> <span class='ocrx_word' id='word_1_52' title='bbox 1106 1555 1173 1621; x_wconf 75' lang='grc' dir='ltr'><strong><em>ἀλλ’</em></strong></span> <span class='ocrx_word' id='word_1_53' title='bbox 1190 1556 1247 1622; x_wconf 92' lang='grc' dir='ltr'><strong><em>ουκ</em></strong></span> <span class='ocrx_word' id='word_1_54' title='bbox 1260 1559 1304 1633; x_wconf 76' lang='grc' dir='ltr'><strong><em>είς</em></strong></span> <span class='ocrx_word' id='word_1_55' title='bbox 1315 1556 1419 1633; x_wconf 85' lang='grc' dir='ltr'><strong><em>τέλος</em></strong></span> 
     </span>
     <span class='ocr_line' id='line_1_11' title="bbox 432 1640 1493 1751; baseline 0 -42"><span class='ocrx_word' id='word_1_56' title='bbox 432 1640 666 1726; x_wconf 86' lang='grc' dir='ltr'><strong><em>Ἢσθένητε</em></strong></span> <span class='ocrx_word' id='word_1_57' title='bbox 631 1668 690 1749; x_wconf 82' lang='grc' dir='ltr'><strong><em>γαρ</em></strong></span> <span class='ocrx_word' id='word_1_58' title='bbox 711 1642 791 1723; x_wconf 84' lang='grc' dir='ltr'><strong><em>μετά</em></strong></span> <span class='ocrx_word' id='word_1_59' title='bbox 812 1644 869 1728; x_wconf 81' lang='grc' dir='ltr'><strong><em>τὴν</em></strong></span> <span class='ocrx_word' id='word_1_60' title='bbox 891 1643 1050 1751; x_wconf 91' lang='grc' dir='ltr'><strong><em>παρθένον</em></strong></span> <span class='ocrx_word' id='word_1_61' title='bbox 1070 1641 1124 1707; x_wconf 86' lang='grc' dir='ltr'><strong><em>τόν</em></strong></span> <span class='ocrx_word' id='word_1_62' title='bbox 1142 1643 1173 1707; x_wconf 84' lang='grc' dir='ltr'><strong><em>ἐν</em></strong></span> <span class='ocrx_word' id='word_1_63' title='bbox 1190 1640 1272 1725; x_wconf 76' lang='grc' dir='ltr'><strong><em>ἰσχύι</em></strong></span> <span class='ocrx_word' id='word_1_64' title='bbox 1287 1642 1419 1709; x_wconf 85' lang='grc' dir='ltr'><strong><em>δυνατόν</em></strong></span> <span class='ocrx_word' id='word_1_65' title='bbox 1472 1647 1493 1671; x_wconf 72' lang='grc'><strong><em>·’</em></strong></span> 
     </span>
     <span class='ocr_line' id='line_1_12' title="bbox 390 1724 1144 1807; baseline 0 -16"><span class='ocrx_word' id='word_1_66' title='bbox 390 1732 613 1793; x_wconf 81' lang='grc' dir='ltr'><strong><em>Τετοκῶιαν</em></strong></span> <span class='ocrx_word' id='word_1_67' title='bbox 631 1724 810 1796; x_wconf 72' lang='grc' dir='ltr'><strong><em>ὑπελθόντα</em></strong></span> <span class='ocrx_word' id='word_1_68' title='bbox 832 1729 948 1807; x_wconf 82' lang='grc' dir='ltr'><strong><em>σαρκός</em></strong></span> <span class='ocrx_word' id='word_1_69' title='bbox 968 1726 1144 1806; x_wconf 77' lang='grc' dir='ltr'><strong><em>ἀσθένειαν,</em></strong></span> 
     </span>
    </p>

    <p class='ocr_par' dir='ltr' id='par_1_8' title="bbox 438 1809 1170 1897">
     <span class='ocr_line' id='line_1_13' title="bbox 438 1809 1170 1897; baseline -0.003 -20"><span class='ocrx_word' id='word_1_70' title='bbox 438 1814 504 1877; x_wconf 88' lang='grc' dir='ltr'><strong><em>Και</em></strong></span> <span class='ocrx_word' id='word_1_71' title='bbox 526 1812 580 1878; x_wconf 89' lang='grc' dir='ltr'><strong><em>τδν</em></strong></span> <span class='ocrx_word' id='word_1_72' title='bbox 602 1814 736 1878; x_wconf 86' lang='grc' dir='ltr'><strong><em>δυνατὸν</em></strong></span> <span class='ocrx_word' id='word_1_73' title='bbox 758 1812 789 1877; x_wconf 92' lang='grc' dir='ltr'><strong><em>ἐν</em></strong></span> <span class='ocrx_word' id='word_1_74' title='bbox 811 1814 885 1877; x_wconf 85' lang='grc' dir='ltr'><strong><em>κακέ</em></strong></span> <span class='ocrx_word' id='word_1_75' title='bbox 882 1839 903 1876; x_wconf 90' lang='grc' dir='ltr'><strong><em>α</em></strong></span> <span class='ocrx_word' id='word_1_76' title='bbox 924 1809 1170 1897; x_wconf 80' lang='grc' dir='ltr'><strong><em>νεκρῶσαντα.]</em></strong></span> 
     </span>
    </p>
   </div>
   <div class='ocr_carea' id='block_1_8' title="bbox 352 1949 1421 2301">
    <p class='ocr_par' dir='ltr' id='par_1_9' title="bbox 473 1949 1420 2053">
     <span class='ocr_line' id='line_1_14' title="bbox 473 1949 1420 2053; baseline -0.001 -25"><span class='ocrx_word' id='word_1_77' title='bbox 473 1961 555 2029; x_wconf 84' lang='grc' dir='ltr'><strong><em>Ἵδια</em></strong></span> <span class='ocrx_word' id='word_1_78' title='bbox 583 1964 615 2029; x_wconf 79' lang='grc' dir='ltr'><strong><em>έν</em></strong></span> <span class='ocrx_word' id='word_1_79' title='bbox 642 1970 681 2051; x_wconf 81' lang='grc' dir='ltr'><strong><em>τῇ</em></strong></span> <span class='ocrx_word' id='word_1_80' title='bbox 710 1962 811 2053; x_wconf 82' lang='grc' dir='ltr'><strong><em>τριάδι</em></strong></span> <span class='ocrx_word' id='word_1_81' title='bbox 835 1965 944 2050; x_wconf 80' lang='grc' dir='ltr'><strong><em>τριττὰ</em></strong></span> <span class='ocrx_word' id='word_1_82' title='bbox 965 1971 1195 2047; x_wconf 84' lang='grc' dir='ltr'><strong><em>συνθεολογεῖτε</em></strong></span> <span class='ocrx_word' id='word_1_83' title='bbox 1216 1962 1273 2048; x_wconf 82' lang='grc' dir='ltr'><strong><em>τὴν</em></strong></span> <span class='ocrx_word' id='word_1_84' title='bbox 1295 1949 1420 2048; x_wconf 78' lang='grc' dir='ltr'><strong><em>ιἰγεννη-</em></strong></span> 
     </span>
    </p>

    <p class='ocr_par' dir='ltr' id='par_1_10' title="bbox 961 2047 1412 2130">
     <span class='ocr_line' id='line_1_15' title="bbox 961 2047 1412 2130; baseline -0.009 -17"><span class='ocrx_word' id='word_1_85' title='bbox 961 2051 1032 2114; x_wconf 91' lang='grc' dir='ltr'><strong><em>σίαν</em></strong></span> <span class='ocrx_word' id='word_1_86' title='bbox 1054 2055 1110 2113; x_wconf 84' lang='grc' dir='ltr'><strong><em>τοῦ</em></strong></span> <span class='ocrx_word' id='word_1_87' title='bbox 1132 2047 1283 2130; x_wconf 86' lang='grc' dir='ltr'><strong><em>πατρός,</em></strong></span> <span class='ocrx_word' id='word_1_88' title='bbox 1407 2110 1412 2121; x_wconf 62' lang='grc'><strong><em>,</em></strong></span> 
     </span>
    </p>

    <p class='ocr_par' dir='ltr' id='par_1_11' title="bbox 352 2129 1421 2301">
     <span class='ocr_line' id='line_1_16' title="bbox 352 2129 1421 2219; baseline -0.007 -16"><span class='ocrx_word' id='word_1_89' title='bbox 352 2137 406 2203; x_wconf 81' lang='grc'><strong><em>55.</em></strong></span> <span class='ocrx_word' id='word_1_90' title='bbox 442 2138 509 2199; x_wconf 74' lang='grc' dir='ltr'><strong><em>Τοῦ</em></strong></span> <span class='ocrx_word' id='word_1_91' title='bbox 536 2129 629 2219; x_wconf 88' lang='grc' dir='ltr'><strong><em>λόγου</em></strong></span> <span class='ocrx_word' id='word_1_92' title='bbox 655 2134 713 2218; x_wconf 78' lang='grc' dir='ltr'><strong><em>τὴν</em></strong></span> <span class='ocrx_word' id='word_1_93' title='bbox 733 2133 874 2218; x_wconf 75' lang='grc' dir='ltr'><strong><em>γέννησιν</em></strong></span> <span class='ocrx_word' id='word_1_94' title='bbox 895 2160 946 2199; x_wconf 89' lang='grc' dir='ltr'><strong><em>και</em></strong></span> <span class='ocrx_word' id='word_1_95' title='bbox 969 2132 1143 2213; x_wconf 86' lang='grc' dir='ltr'><strong><em>πνεύματος</em></strong></span> <span class='ocrx_word' id='word_1_96' title='bbox 1164 2132 1223 2217; x_wconf 78' lang='grc' dir='ltr'><strong><em>τὴν</em></strong></span> <span class='ocrx_word' id='word_1_97' title='bbox 1244 2129 1421 2216; x_wconf 86' lang='grc' dir='ltr'><strong><em>ἐκπόρευσιν</em></strong></span> 
     </span>
     <span class='ocr_line' id='line_1_17' title="bbox 944 2215 1069 2301; baseline -0.02 -17.677"><span class='ocrx_word' id='word_1_98' title='bbox 944 2215 1069 2301; x_wconf 86' lang='grc' dir='ltr'><strong><em>μόνον.</em></strong></span> 
     </span>
    </p>
   </div>
   <div class='ocr_carea' id='block_1_9' title="bbox 481 2385 1420 2496">
    <p class='ocr_par' dir='ltr' id='par_1_12' title="bbox 481 2385 1420 2496">
     <span class='ocr_line' id='line_1_18' title="bbox 481 2385 1420 2496; baseline -0.001 -44.968"><span class='ocrx_word' id='word_1_99' title='bbox 481 2385 624 2473; x_wconf 77' lang='grc' dir='ltr'><strong><em>Σήμερον</em></strong></span> <span class='ocrx_word' id='word_1_100' title='bbox 645 2393 689 2476; x_wconf 91' lang='grc' dir='ltr'><strong><em>τῶ</em></strong></span> <span class='ocrx_word' id='word_1_101' title='bbox 711 2390 785 2475; x_wconf 79' lang='grc' dir='ltr'><strong><em>οιιιρι</em></strong></span> <span class='ocrx_word' id='word_1_102' title='bbox 804 2387 907 2475; x_wconf 85' lang='grc' dir='ltr'><strong><em>τούτῳ</em></strong></span> <span class='ocrx_word' id='word_1_103' title='bbox 924 2387 1105 2496; x_wconf 72' lang='grc' dir='ltr'><strong><em>περιρανὴς</em></strong></span> <span class='ocrx_word' id='word_1_104' title='bbox 1110 2388 1267 2472; x_wconf 87' lang='grc' dir='ltr'><strong><em>σωτηρία</em></strong></span> <span class='ocrx_word' id='word_1_105' title='bbox 1290 2385 1397 2453; x_wconf 89' lang='grc' dir='ltr'><strong><em>δύο</em></strong></span> <span class='ocrx_word' id='word_1_106' title='bbox 1360 2412 1420 2474; x_wconf 88' lang='grc' dir='ltr'><strong><em>γαρ</em></strong></span> 
     </span>
    </p>
   </div>
   <div class='ocr_carea' id='block_1_10' title="bbox 438 2497 1421 2727">
    <p class='ocr_par' dir='ltr' id='par_1_13' title="bbox 438 2497 1421 2725">
     <span class='ocr_line' id='line_1_19' title="bbox 981 2500 1097 2535; baseline -0.009 0"><span class='ocrx_word' id='word_1_107' title='bbox 981 2500 1012 2535; x_wconf 75' lang='lat' dir='ltr'><strong><em>(u</em></strong></span> <span class='ocrx_word' id='word_1_108' title='bbox 1089 2500 1097 2534; x_wconf 80' lang='grc' dir='ltr'><strong><em>ί</em></strong></span> 
     </span>
     <span class='ocr_line' id='line_1_20' title="bbox 438 2497 1421 2643; baseline 0.001 -21"><span class='ocrx_word' id='word_1_109' title='bbox 438 2557 655 2643; x_wconf 78' lang='grc' dir='ltr'><strong><em>Συνηγμένους</em></strong></span> <span class='ocrx_word' id='word_1_110' title='bbox 670 2557 810 2642; x_wconf 91' lang='grc' dir='ltr'><strong><em>Χριστος</em></strong></span> <span class='ocrx_word' id='word_1_111' title='bbox 826 2558 869 2632; x_wconf 81' lang='grc' dir='ltr'><strong><em>είς</em></strong></span> <span class='ocrx_word' id='word_1_112' title='bbox 891 2555 966 2622; x_wconf 81' lang='grc' dir='ltr'><strong><em>τδ”</em></strong></span> <span class='ocrx_word' id='word_1_113' title='bbox 949 2497 1167 2641; x_wconf 62' lang='grc' dir='ltr'><strong><em>όύομάρόιύτοῦ</em></strong></span> <span class='ocrx_word' id='word_1_114' title='bbox 1190 2561 1304 2638; x_wconf 82' lang='grc' dir='ltr'><strong><em>τιμῶν,</em></strong></span> <span class='ocrx_word' id='word_1_115' title='bbox 1324 2556 1421 2640; x_wconf 85' lang='grc' dir='ltr'><strong><em>μίσος</em></strong></span> 
     </span>
     <span class='ocr_line' id='line_1_21' title="bbox 962 2639 1242 2727; baseline 0 -23"><span class='ocrx_word' id='word_1_116' title='bbox 962 2639 1092 2727; x_wconf 87' lang='grc' dir='ltr'><strong><em>πάρεστι</em></strong></span> <span class='ocrx_word' id='word_1_117' title='bbox 1113 2639 1242 2707; x_wconf 85' lang='grc' dir='ltr'><strong><em>τούτων.</em></strong></span> 
     </span>
    </p>
   </div>
   <div class='ocr_carea' id='block_1_11' title="bbox 433 2781 1490 3113">
    <p class='ocr_par' dir='ltr' id='par_1_14' title="bbox 433 2781 1490 3067">
     <span class='ocr_line' id='line_1_22' title="bbox 473 2781 1490 2898; baseline -0.005 -19"><span class='ocrx_word' id='word_1_118' title='bbox 473 2781 617 2897; x_wconf 76' lang='grc' dir='ltr'><strong><em>Ἄπειρον</em></strong></span> <span class='ocrx_word' id='word_1_119' title='bbox 636 2817 694 2897; x_wconf 85' lang='grc' dir='ltr'><strong><em>τῆς</em></strong></span> <span class='ocrx_word' id='word_1_120' title='bbox 712 2811 827 2898; x_wconf 76' lang='grc' dir='ltr'><strong><em>γῆςτὸ</em></strong></span> <span class='ocrx_word' id='word_1_121' title='bbox 848 2809 954 2893; x_wconf 81' lang='grc' dir='ltr'><strong><em>βάθος</em></strong></span> <span class='ocrx_word' id='word_1_122' title='bbox 974 2811 1104 2898; x_wconf 83' lang='grc' dir='ltr'><strong><em>πρός</em></strong></span> <span class='ocrx_word' id='word_1_123' title='bbox 1072 2837 1108 2876; x_wconf 91' lang='grc' dir='ltr'><strong><em>το</em></strong></span> <span class='ocrx_word' id='word_1_124' title='bbox 1130 2803 1274 2890; x_wconf 84' lang='grc' dir='ltr'><strong><em>ούράνιον</em></strong></span> <span class='ocrx_word' id='word_1_125' title='bbox 1294 2807 1388 2890; x_wconf 80' lang='grc' dir='ltr'><strong><em>ύψος,</em></strong></span> <span class='ocrx_word' id='word_1_126' title='bbox 1488 2839 1490 2843; x_wconf 96' lang='grc'><strong><em>·</em></strong></span> 
     </span>
     <span class='ocr_line' id='line_1_23' title="bbox 433 2895 1422 3006; baseline 0.001 -44"><span class='ocrx_word' id='word_1_127' title='bbox 433 2896 515 2963; x_wconf 76' lang='grc' dir='ltr'><strong><em>Ἀλλ’</em></strong></span> <span class='ocrx_word' id='word_1_128' title='bbox 539 2897 601 2964; x_wconf 77' lang='grc' dir='ltr'><strong><em>άπὸ</em></strong></span> <span class='ocrx_word' id='word_1_129' title='bbox 623 2905 680 2982; x_wconf 80' lang='grc' dir='ltr'><strong><em>τῆς</em></strong></span> <span class='ocrx_word' id='word_1_130' title='bbox 699 2903 758 2983; x_wconf 82' lang='grc' dir='ltr'><strong><em>’γῆς</em></strong></span> <span class='ocrx_word' id='word_1_131' title='bbox 778 2898 852 2975; x_wconf 83' lang='grc' dir='ltr'><strong><em>τούς</em></strong></span> <span class='ocrx_word' id='word_1_132' title='bbox 873 2895 979 2982; x_wconf 81' lang='grc' dir='ltr'><strong><em>ἆγίους</em></strong></span> <span class='ocrx_word' id='word_1_133' title='bbox 1000 2901 1106 3003; x_wconf 79' lang='grc' dir='ltr'><strong><em>ἐξῇρεν</em></strong></span> <span class='ocrx_word' id='word_1_134' title='bbox 1127 2897 1262 3006; x_wconf 86' lang='grc' dir='ltr'><strong><em>ἐπέκεινα</em></strong></span> <span class='ocrx_word' id='word_1_135' title='bbox 1284 2902 1347 2960; x_wconf 89' lang='grc' dir='ltr'><strong><em>τῶν</em></strong></span> <span class='ocrx_word' id='word_1_136' title='bbox 1369 2901 1422 2964; x_wconf 78' lang='grc' dir='ltr'><strong><em>οὐ·</em></strong></span> 
     </span>
     <span class='ocr_line' id='line_1_24' title="bbox 961 2978 1376 3113; baseline 0.005 -67"><span class='ocrx_word' id='word_1_137' title='bbox 961 2989 1064 3063; x_wconf 91' lang='grc' dir='ltr'><strong><em>ρανῶν</em></strong></span> <span class='ocrx_word' id='word_1_138' title='bbox 1085 2978 1103 3045; x_wconf 86' lang='grc' dir='ltr'><strong><em>ό</em></strong></span> <span class='ocrx_word' id='word_1_139' title='bbox 1126 2979 1269 3069; x_wconf 81' lang='grc' dir='ltr'><strong><em>οὐράνιος</em></strong></span> <span class='ocrx_word' id='word_1_140' title='bbox 1289 2979 1376 3113; x_wconf 88' lang='grc' dir='ltr'><strong><em>ερως</em></strong></span> 
     </span>
    </p>
   </div>
   <div class='ocr_carea' id='block_1_12' title="bbox 802 3147 977 3216">
    <p class='ocr_par' dir='ltr' id='par_1_15' title="bbox 802 3147 977 3216">
     <span class='ocr_line' id='line_1_25' title="bbox 802 3147 977 3216; baseline 0.006 -2"><span class='ocrx_word' id='word_1_141' title='bbox 802 3147 977 3216; x_wconf 88' lang='grc' dir='ltr'><strong><em>Θεοτόκιον.</em></strong></span> 
     </span>
    </p>
   </div>
   <div class='ocr_carea' id='block_1_13' title="bbox 357 3237 1535 3358">
    <p class='ocr_par' dir='ltr' id='par_1_16' title="bbox 357 3237 1535 3358">
     <span class='ocr_line' id='line_1_26' title="bbox 357 3237 1535 3358; baseline 0.005 -42.599"><span class='ocrx_word' id='word_1_142' title='bbox 357 3252 580 3337; x_wconf 88' lang='grc' dir='ltr'><strong><em>00.[Νέαν</em></strong></span> <span class='ocrx_word' id='word_1_143' title='bbox 609 3278 643 3319; x_wconf 87' lang='grc' dir='ltr'><strong><em>σε</em></strong></span> <span class='ocrx_word' id='word_1_144' title='bbox 670 3251 789 3338; x_wconf 77' lang='grc' dir='ltr'><strong><em>πηγὴν,</em></strong></span> <span class='ocrx_word' id='word_1_145' title='bbox 818 3252 981 3358; x_wconf 86' lang='grc' dir='ltr'><strong><em>παρθένε,</em></strong></span> <span class='ocrx_word' id='word_1_146' title='bbox 1002 3278 1052 3315; x_wconf 92' lang='grc' dir='ltr'><strong><em>και</em></strong></span> <span class='ocrx_word' id='word_1_147' title='bbox 1074 3237 1220 3357; x_wconf 76' lang='grc' dir='ltr'><strong><em>ἀφορμὴν</em></strong></span> <span class='ocrx_word' id='word_1_148' title='bbox 1240 3258 1428 3342; x_wconf 76' lang='grc' dir='ltr'><strong><em>μυστηρίων</em></strong></span> <span class='ocrx_word' id='word_1_149' title='bbox 1533 3324 1535 3333; x_wconf 69' lang='grc'><strong><em>,</em></strong></span> 
     </span>
    </p>
   </div>
   <div class='ocr_carea' id='block_1_14' title="bbox 440 3335 1482 3538">
    <p class='ocr_par' dir='ltr' id='par_1_17' title="bbox 440 3335 1482 3512">
     <span class='ocr_line' id='line_1_27' title="bbox 963 3335 1482 3447; baseline 0.021 -48"><span class='ocrx_word' id='word_1_150' title='bbox 963 3335 1082 3416; x_wconf 73' lang='grc' dir='ltr'><strong><em>ἔχοντες</em></strong></span> <span class='ocrx_word' id='word_1_151' title='bbox 1105 3336 1132 3399; x_wconf 80' lang='grc' dir='ltr'><strong><em>οἱ</em></strong></span> <span class='ocrx_word' id='word_1_152' title='bbox 1144 3362 1236 3443; x_wconf 91' lang='grc' dir='ltr'><strong><em>τρεις</em></strong></span> <span class='ocrx_word' id='word_1_153' title='bbox 1261 3338 1422 3447; x_wconf 78' lang='grc' dir='ltr'><strong><em>Θεηγόροι,</em></strong></span> <span class='ocrx_word' id='word_1_154' title='bbox 1478 3376 1482 3387; x_wconf 92' lang='grc'><em>·</em></span> 
     </span>
     <span class='ocr_line' id='line_1_28' title="bbox 440 3419 1394 3538; baseline 0.006 -52"><span class='ocrx_word' id='word_1_155' title='bbox 440 3423 573 3501; x_wconf 87' lang='grc' dir='ltr'><strong><em>Καιναις</em></strong></span> <span class='ocrx_word' id='word_1_156' title='bbox 593 3419 762 3488; x_wconf 83' lang='grc' dir='ltr'><strong><em>ύιιοθέσεσι</em></strong></span> <span class='ocrx_word' id='word_1_157' title='bbox 783 3446 971 3508; x_wconf 89' lang='grc' dir='ltr'><strong><em>καινοπρεπη</em></strong></span> <span class='ocrx_word' id='word_1_158' title='bbox 957 3419 1238 3505; x_wconf 85' lang='grc' dir='ltr'><strong><em>προςαρμάζουσι</em></strong></span> <span class='ocrx_word' id='word_1_159' title='bbox 1256 3424 1394 3538; x_wconf 64' lang='grc' dir='ltr'><strong><em>φράσιν]</em></strong></span> 
     </span>
    </p>
   </div>
   <div class='ocr_carea' id='block_1_15' title="bbox 407 3582 1421 3784">
    <p class='ocr_par' dir='ltr' id='par_1_18' title="bbox 407 3582 1421 3758">
     <span class='ocr_line' id='line_1_29' title="bbox 407 3582 1421 3695; baseline 0.006 -38"><span class='ocrx_word' id='word_1_160' title='bbox 407 3636 414 3657; x_wconf 79' lang='grc'><strong>.</strong></span> <span class='ocrx_word' id='word_1_161' title='bbox 477 3589 650 3671; x_wconf 84' lang='grc' dir='ltr'><strong><em>Ἡττάται,</em></strong></span> <span class='ocrx_word' id='word_1_162' title='bbox 673 3582 838 3677; x_wconf 88' lang='grc' dir='ltr'><strong><em>μακάριοι,</em></strong></span> <span class='ocrx_word' id='word_1_163' title='bbox 861 3595 913 3658; x_wconf 81' lang='grc' dir='ltr'><strong><em>καί</em></strong></span> <span class='ocrx_word' id='word_1_164' title='bbox 936 3587 1144 3678; x_wconf 68' lang='grc' dir='ltr'><strong><em>δραπετεύειε</em></strong></span> <span class='ocrx_word' id='word_1_165' title='bbox 1126 3618 1146 3695; x_wconf 83' lang='grc' dir='ltr'><strong><em>η</em></strong></span> <span class='ocrx_word' id='word_1_166' title='bbox 1161 3592 1232 3675; x_wconf 82' lang='grc' dir='ltr'><strong><em>πρίν</em></strong></span> <span class='ocrx_word' id='word_1_167' title='bbox 1245 3589 1421 3662; x_wconf 79' lang='grc' dir='ltr'><strong><em>ἀνυπόστα-</em></strong></span> 
     </span>
     <span class='ocr_line' id='line_1_30' title="bbox 965 3673 1232 3784; baseline -0.008 -43"><span class='ocrx_word' id='word_1_168' title='bbox 965 3700 1018 3751; x_wconf 90' lang='grc' dir='ltr'><strong><em>τος</em></strong></span> <span class='ocrx_word' id='word_1_169' title='bbox 1040 3673 1232 3784; x_wconf 79' lang='grc' dir='ltr'><strong><em>θρασύτης</em></strong></span> 
     </span>
    </p>
   </div>
   <div class='ocr_carea' id='block_1_16' title="bbox 444 3741 1532 3870">
    <p class='ocr_par' dir='ltr' id='par_1_19' title="bbox 444 3741 1532 3870">
     <span class='ocr_line' id='line_1_31' title="bbox 444 3741 1532 3870; baseline 0.006 -45"><span class='ocrx_word' id='word_1_170' title='bbox 444 3767 518 3827; x_wconf 88' lang='grc' dir='ltr'><strong><em>Τῶν</em></strong></span> <span class='ocrx_word' id='word_1_171' title='bbox 533 3741 697 3870; x_wconf 74' lang='grc' dir='ltr'><strong><em>αἱρέσεων,</em></strong></span> <span class='ocrx_word' id='word_1_172' title='bbox 720 3761 814 3868; x_wconf 79' lang='grc' dir='ltr'><strong><em>κηρός</em></strong></span> <span class='ocrx_word' id='word_1_173' title='bbox 828 3762 861 3826; x_wconf 87' lang='grc' dir='ltr'><strong><em>δε</em></strong></span> <span class='ocrx_word' id='word_1_174' title='bbox 872 3757 1040 3866; x_wconf 81' lang='grc' dir='ltr'><strong><em>τηκόμενος</em></strong></span> <span class='ocrx_word' id='word_1_175' title='bbox 1055 3759 1116 3824; x_wconf 85' lang='grc' dir='ltr'><strong><em>άπὸ</em></strong></span> <span class='ocrx_word' id='word_1_176' title='bbox 1130 3756 1294 3865; x_wconf 87' lang='grc' dir='ltr'><strong><em>προςιόπου</em></strong></span> <span class='ocrx_word' id='word_1_177' title='bbox 1313 3789 1355 3827; x_wconf 90' lang='grc' dir='ltr'><strong><em>πυ</em></strong></span> <span class='ocrx_word' id='word_1_178' title='bbox 1356 3766 1423 3850; x_wconf 86' lang='grc' dir='ltr'><strong><em>δρς,</em></strong></span> <span class='ocrx_word' id='word_1_179' title='bbox 1529 3794 1532 3799; x_wconf 95' lang='grc'><em>·</em></span> 
     </span>
    </p>
   </div>
   <div class='ocr_carea' id='block_1_17' title="bbox 439 3791 1466 4015">
    <p class='ocr_par' dir='ltr' id='par_1_20' title="bbox 439 3791 1466 4015">
     <span class='ocr_line' id='line_1_32' title="bbox 439 3791 1466 3950; baseline 0.007 -40"><span class='ocrx_word' id='word_1_180' title='bbox 439 3844 601 3913; x_wconf 72' lang='grc' dir='ltr'><strong><em>Νόθον“</em></strong></span> <span class='ocrx_word' id='word_1_181' title='bbox 582 3872 665 3911; x_wconf 89' lang='grc' dir='ltr'><strong><em>απαν</em></strong></span> <span class='ocrx_word' id='word_1_182' title='bbox 694 3844 796 3932; x_wconf 88' lang='grc' dir='ltr'><strong><em>δόγμα</em></strong></span> <span class='ocrx_word' id='word_1_183' title='bbox 824 3856 890 3925; x_wconf 88' lang='grc' dir='ltr'><strong><em>τοις</em></strong></span> <span class='ocrx_word' id='word_1_184' title='bbox 916 3843 1005 3927; x_wconf 73' lang='grc' dir='ltr'><strong><em>ὑμῶν</em></strong></span> <span class='ocrx_word' id='word_1_185' title='bbox 1034 3840 1236 3950; x_wconf 79' lang='grc' dir='ltr'><strong><em>προςβάλλων</em></strong></span> <span class='ocrx_word' id='word_1_186' title='bbox 1268 3791 1466 3935; x_wconf 84' lang='grc' dir='ltr'><strong><em>φθόγγοις</em></strong></span> 
     </span>
     <span class='ocr_line' id='line_1_33' title="bbox 963 3924 1316 4015; baseline 0.023 -24"><span class='ocrx_word' id='word_1_187' title='bbox 963 3924 1131 4015; x_wconf 88' lang='grc' dir='ltr'><strong><em>πυρπνόοις</em></strong></span> <span class='ocrx_word' id='word_1_188' title='bbox 1152 3931 1316 3999; x_wconf 76' lang='grc' dir='ltr'><strong><em>δείκνυται</em></strong></span> 
     </span>
    </p>
   </div>
   <div class='ocr_carea' id='block_1_18' title="bbox 357 4095 1330 4377">
    <p class='ocr_par' dir='ltr' id='par_1_21' title="bbox 357 4095 1330 4355">
     <span class='ocr_line' id='line_1_34' title="bbox 357 4095 1186 4208; baseline -0.011 -40"><span class='ocrx_word' id='word_1_189' title='bbox 357 4104 408 4168; x_wconf 92' lang='grc'><strong><em>55.</em></strong></span> <span class='ocrx_word' id='word_1_190' title='bbox 486 4101 614 4176; x_wconf 76' lang='grc' dir='ltr'><strong><em>Ψευδείς</em></strong></span> <span class='ocrx_word' id='word_1_191' title='bbox 634 4100 691 4183; x_wconf 80' lang='grc' dir='ltr'><strong><em>μέν</em></strong></span> <span class='ocrx_word' id='word_1_192' title='bbox 713 4099 865 4175; x_wconf 74' lang='grc' dir='ltr'><strong><em>ἐξέκλιναν</em></strong></span> <span class='ocrx_word' id='word_1_193' title='bbox 887 4095 1032 4208; x_wconf 80' lang='grc' dir='ltr'><strong><em>ελλήνων</em></strong></span> <span class='ocrx_word' id='word_1_194' title='bbox 1042 4096 1186 4202; x_wconf 78' lang='grc' dir='ltr'><strong><em>ύθλους,-.</em></strong></span> 
     </span>
     <span class='ocr_line' id='line_1_35' title="bbox 441 4178 1330 4294; baseline 0.003 -46"><span class='ocrx_word' id='word_1_195' title='bbox 441 4186 555 4250; x_wconf 89' lang='grc' dir='ltr'><strong><em>Πειθῶ</em></strong></span> <span class='ocrx_word' id='word_1_196' title='bbox 577 4186 662 4250; x_wconf 77' lang='grc' dir='ltr'><strong><em>δὲ</em></strong></span> <span class='ocrx_word' id='word_1_197' title='bbox 627 4211 686 4294; x_wconf 87' lang='grc' dir='ltr'><strong><em>την</em></strong></span> <span class='ocrx_word' id='word_1_198' title='bbox 707 4187 870 4291; x_wconf 84' lang='grc' dir='ltr'><strong><em>τύραννον</em></strong></span> <span class='ocrx_word' id='word_1_199' title='bbox 878 4180 1073 4292; x_wconf 77' lang='grc' dir='ltr'><strong><em>ἀνθρώποις</em></strong></span> <span class='ocrx_word' id='word_1_200' title='bbox 1080 4178 1180 4265; x_wconf 86' lang='grc' dir='ltr'><strong><em>μόνην</em></strong></span> <span class='ocrx_word' id='word_1_201' title='bbox 1201 4185 1330 4267; x_wconf 81' lang='grc' dir='ltr'><strong><em>είλοντο,</em></strong></span> 
     </span>
     <span class='ocr_line' id='line_1_36' title="bbox 435 4261 1196 4377; baseline 0 -45"><span class='ocrx_word' id='word_1_202' title='bbox 435 4261 553 4353; x_wconf 79' lang='grc' dir='ltr'><strong><em>Ὑφ’</em></strong></span> <span class='ocrx_word' id='word_1_203' title='bbox 531 4295 570 4354; x_wconf 89' lang='grc' dir='ltr'><strong><em>ης</em></strong></span> <span class='ocrx_word' id='word_1_204' title='bbox 589 4271 647 4355; x_wconf 91' lang='grc' dir='ltr'><strong><em>την</em></strong></span> <span class='ocrx_word' id='word_1_205' title='bbox 668 4269 821 4377; x_wconf 76' lang='grc' dir='ltr'><strong><em>ἀλήθειαν</em></strong></span> <span class='ocrx_word' id='word_1_206' title='bbox 842 4267 870 4333; x_wconf 76' lang='grc' dir='ltr'><strong><em>οἱ</em></strong></span> <span class='ocrx_word' id='word_1_207' title='bbox 893 4277 974 4350; x_wconf 89' lang='grc' dir='ltr'><strong><em>τρεις</em></strong></span> <span class='ocrx_word' id='word_1_208' title='bbox 994 4265 1196 4345; x_wconf 83' lang='grc' dir='ltr'><strong><em>τονιόσαντες,</em></strong></span> 
     </span>
    </p>
   </div>
   <div class='ocr_carea' id='block_1_19' title="bbox 444 4351 1419 4504">
    <p class='ocr_par' dir='ltr' id='par_1_22' title="bbox 444 4351 1419 4504">
     <span class='ocr_line' id='line_1_37' title="bbox 444 4351 1419 4439; baseline -0.002 -19"><span class='ocrx_word' id='word_1_209' title='bbox 444 4355 554 4436; x_wconf 82' lang='grc' dir='ltr'><strong><em>Ούτως</em></strong></span> <span class='ocrx_word' id='word_1_210' title='bbox 581 4354 664 4422; x_wconf 83' lang='grc' dir='ltr'><strong><em>άπαν</em></strong></span> <span class='ocrx_word' id='word_1_211' title='bbox 693 4352 840 4439; x_wconf 87' lang='grc' dir='ltr'><strong><em>σύστημα</em></strong></span> <span class='ocrx_word' id='word_1_212' title='bbox 867 4359 1002 4429; x_wconf 85' lang='grc' dir='ltr'><strong><em>πιστῶν,</em></strong></span> <span class='ocrx_word' id='word_1_213' title='bbox 1035 4359 1211 4436; x_wconf 82' lang='grc' dir='ltr'><strong><em>χειροῦνται</em></strong></span> <span class='ocrx_word' id='word_1_214' title='bbox 1239 4351 1342 4439; x_wconf 87' lang='grc' dir='ltr'><strong><em>λόγοις</em></strong></span> <span class='ocrx_word' id='word_1_215' title='bbox 1368 4363 1419 4425; x_wconf 72' lang='grc' dir='ltr'><strong><em>και</em></strong></span> 
     </span>
     <span class='ocr_line' id='line_1_38' title="bbox 964 4400 1200 4504; baseline 0.009 -5"><span class='ocrx_word' id='word_1_216' title='bbox 964 4400 1200 4504; x_wconf 85' lang='grc' dir='ltr'><strong><em>κάταπείθουσι.</em></strong></span> 
     </span>
    </p>
   </div>
   <div class='ocr_carea' id='block_1_20' title="bbox 0 0 1782 5325">
    <p class='ocr_par' dir='ltr' id='par_1_23' title="bbox 0 0 1782 5325">
     <span class='ocr_line' id='line_1_39' title="bbox 0 0 1782 5325; baseline 0 0"><span class='ocrx_word' id='word_1_217' title='bbox 0 0 1782 5325; x_wconf 95' lang='lat' dir='ltr'><strong><em> </em></strong></span> 
     </span>
    </p>
   </div>
  </div>
 </body>
</html>
