3542 5325
749 680 753 692 ·
793 660 795 664 ·
883 629 983 716 877

388 813 467 875 lrinru
490 813 737 877 indiscretim
765 814 882 880 vesci.
931 818 1089 898 Perperam
1110 818 1255 899 sequioris
1274 821 1339 884 aevi
1361 822 1456 884 nomi·

386 919 439 961 nes
468 917 502 960 ea
530 901 646 961 untione
675 900 780 961 harum
803 922 907 963 recum
928 912 1061 980 utuntur,
1097 922 1154 984 qna
1176 906 1251 984 apud
1274 907 1456 987 Franecgcl-

386 985 431 1044 lcs
452 983 482 1044 iu
505 1006 557 1053 uso
580 1002 645 1047 cese
667 983 742 1045 inter
757 1005 859 1046 omues
874 999 996 1054 constat.
1039 993 1133 1051 Iurene
1154 989 1393 1054 indiscretus
1414 993 1453 1055 iis

384 1070 462 1130 idem
490 1071 566 1129 valet
595 1071 668 1149 quod
699 1088 859 1150 saevus,
897 1072 1021 1138 ferox.
1048 1074 1080 1138 S.
1094 1075 1174 1153 277,
1196 1074 1247 1137 88ss
1268 1076 1339 1139 89..
1373 1088 1452 1149 (tuos-

383 1167 444 1236 quot
454 1176 519 1274 'nembro
535 1158 715 1208 lllahcmetum
734 1159 789 1207 ium
806 1170 939 1210 sectantur
954 1162 1128 1212 indiscretiam.
1146 1155 1176 1213 Ιὃ.
1194 1158 1238 1227 96,
1255 1165 1281 1213 7.
1298 1163 1376 1213 turbo
1385 1160 1451 1231 sre-

384 1237 430 1274 mit
448 1243 473 1273 in
504 1238 591 1276 aurete.

469 1305 731 1386 lrrepartitus
755 1332 792 1362 =
817 1326 875 1367 non
897 1306 1018 1375 divisus.
1041 1310 1073 1371 S.
1096 1311 1171 1391 277,
1192 1311 1244 1375 71.
1262 1322 1335 1371 vestis
1355 1319 1452 1369 clenni

382 1396 421 1443 'sie
439 1396 532 1443 sortito
551 1409 628 1459 neque
644 1395 724 1443 scissa
743 1414 789 1450 nec
805 1395 957 1461 irreponito
970 1396 1029 1465 suit
1047 1397 1217 1447 inconsutilis·

467 1490 667 1570 insignire
689 1490 871 1552 intransitive
894 1495 1030 1572 positum.
1052 1498 1086 1562 S.
1107 1498 1182 1579 458,
1206 1493 1352 1560 31-33.
1381 1502 1448 1571 regis
1536 1483 1540 1494 ¹

381 1580 486 1649 signum
503 1581 567 1628 dues·
583 1579 691 1647 dignum
708 1580 818 1648 insignit
835 1598 914 1629 manu
932 1581 1020 1634 latere.

466 1659 626 1722 lrritari
651 1688 688 1716 =
713 1660 837 1724 11111810.
860 1661 891 1728 S.
905 1663 977 1739 253,
999 1668 1030 1727 6.
1052 1685 1131 1744 cupiit
1152 1676 1223 1745 regis
1243 1672 1347 1744 gloriae
1369 1668 1448 1737 spinis

380 1761 533 1809 coronatur,
555 1760 690 1815 postquam
704 1745 785 1818 flexis
800 1750 911 1816 genibus
927 1753 1031 1817 quisque
1047 1754 1175 1802 irritatur.
1512 1743 1519 1760 ¹

464 1830 691 1907 Lavacrum,
720 1831 852 1891 absolute
875 1851 928 1910 pro
952 1836 1104 1914 baptismo.
1126 1835 1179 1907 87,
1203 1832 1318 1896 111110.
1336 1832 1448 1884 mudum

380 1917 485 1968 oblutus
507 1916 612 1967 lavaero
635 1915 758 1983 pontifex
780 1916 895 1984 eligitur.
921 1920 987 1984 110,
1010 1924 1096 1974 1-3.
1120 1920 1203 1971 insitor
1224 1920 1267 1969 slei
1283 1923 1405 1966 memento
1422 1920 1448 1957 ie

369 1986 462 2056 fontis
480 1998 503 2034 et
521 1985 621 2035 lavacri
639 2005 720 2035 rorem
738 1988 833 2036 subisse
850 1999 977 2038 sunctum.

421 2100 426 2116 ·-
463 2067 571 2132 Licei
594 2088 672 2129 ditm
694 2068 810 2132 ludio.
833 2067 865 2128 S.
889 2072 962 2148 250,
985 2074 1015 2143 ἃ.
1034 2100 1095 2130 num
1115 2079 1175 2129 lices
1194 2032 1371 2146 iqtcarcerotui
1387 2071 1444 2120 sin-
1469 2056 1473 2066 Ι

378 2155 499 2227 gulisque
516 2154 647 2206 locantur
663 2175 712 2205 non
730 2169 815 2208 tomen
831 2158 981 2207 devincitur.

462 2238 693 2300 Lntnlttttrls.
716 2237 747 2300 S
771 2238 845 2316 238,
868 2241 897 2301 2.
920 2249 1009 2297 mundi
1025 2248 1105 2296 lubun
1122 2244 1258 2294 luminare.

463 2340 570 2401 nnis
599 2366 637 2396 .-=
672 2338 779 2401 ιῑ...
808 2343 860 2402 en·
880 2337 966 2402 nauti
997 2334 1124 2397 naason
1152 2334 1248 2393 tostus
1280 2315 1358 2408 tes,
1386 2321 1443 2387 462

378 2431 503 2566 magius
518 2429 596 2499 pulsa
613 2430 706 2480 livione
722 2433 803 2499 puris.
845 2422 906 2483 Atii
935 2420 1003 2482 lilrri
1025 2421 1132 2481 habent
1154 2415 1307 2478 lusione
1329 2442 1361 2470 .·=
1384 2409 1451 2482 cels

468 2602 684 2681 mollicies,
728 2601 776 2664 cni
811 2621 900 2683 apum
938 2623 1008 2666 curs
1035 2604 1206 2666 demandata
1233 2607 1312 2679 erat,
1350 2613 1444 2677 germ.

377 2690 544 2765 Zeidler,
567 2689 684 2767 saepius
706 2689 830 2748 occurrit
852 2690 881 2751 in
898 2690 1107 2752 Constitutione
1122 2687 1222 2750 Caroli
1236 2685 1286 2750 tv.
1309 2685 1344 2743 dc
1364 2685 1444 2743 'lore-

377 2776 479 2839 stariis
509 2784 537 2834 ct
564 2773 727 2844 zeidlariis3
766 2774 861 2834 adhuc
887 2775 1021 2854 ignotum
1051 2772 1138 2859 ῥῆμα
1173 2767 1441 2847 mellicidium,

372 2863 413 2923 'nd
435 2857 602 2938 analogiam
626 2857 705 2917 vocis
728 2858 982 2943 stillicidium
1003 2858 1205 2940 compositum.
1225 2856 1300 2934 414,
1322 2854 1372 2918 11.
1390 2855 1441 2916 ta.

376 2951 417 3001 du
434 2949 498 2998 roris
515 2945 681 2995 mellis-iritum
699 2946 801 2994 ardenti
819 2948 891 2995 cordi
907 2966 1006 3017 sugere·

360 3060 362 3064 ⁷
461 3026 688 3090 Meritarius
709 3026 742 3088 S.
765 3030 845 3109 252,
869 3033 898 3093 o.
921 3032 972 3092 sed
993 3028 1094 3111 procul
1116 3025 1203 3089 dubio
1224 3025 1380 3107 legendum
1401 3030 1446 3103 cst

377 3130 612 3178 meritorius.
1410 3130 1412 3134 ’

461 3214 495 3276 Μ
504 3235 520 3274 0
529 3215 545 3272 tl
555 3236 572 3273 tt
581 3214 589 3272 l
597 3234 614 3274 a
623 3233 660 3274 i'd
681 3212 755 3290 157,
778 3211 808 3274 3.
828 3235 864 3272 eet
872 3222 977 3291 festum
988 3224 1125 3290 martyris:
1145 3219 1250 3270 modulo
1260 3220 1372 3269 carmine
1376 3214 1443 3286 foi·

375 3292 437 3365 itaer
453 3308 557 3359 laudem
575 3309 677 3356 domini.
714 3296 814 3376 Neque
836 3296 970 3377 antiquos
991 3299 1028 3357 ab
1042 3294 1135 3355 activa
1149 3295 1243 3354 lcrmn
1255 3293 1444 3353 abhorruisse

333 3436 337 3445 .
376 3385 460 3443 dccet
473 3379 641 3441 Priscianus
658 3382 693 3439 dc
708 3382 808 3459 signif.
822 3392 859 3442 et.
873 3382 1033 3461 generibus
1046 3383 1200 3441 verborum
1216 3378 1265 3441 lib.
1279 3380 1310 3441 8.
1326 3399 1354 3456 p.
1369 3375 1443 3440 294.

375 3469 472 3521 Multo
488 3466 596 3533 ancipiti
612 3469 792 3518 terminatione
808 3470 836 3518 in
853 3488 907 3518 uno
925 3470 1060 3533 eodemque
1076 3464 1270 3535 significatione
1284 3463 1445 3533 protulerunt

377 3538 480 3603 antiqui
499 3546 529 3584 ut
552 3554 654 3585 munero
677 3548 701 3585 et
724 3556 853 3592 muneror.
885 3539 974 3588 minito
997 3551 1020 3587 et
1039 3539 1157 3596 miniter,
1187 3533 1289 3583 modulo
1307 3545 1332 3583 et
1349 3535 1443 3583 motiu-
1494 3582 1496 3587 ,

376 3610 418 3663 lor
438 3630 460 3659 e·
479 3629 505 3659 c.
528 3603 566 3662 cl.
587 3622 659 3680 quos
681 3605 820 3665 excitavit
839 3604 1028 3666 Ecksteinios
1049 3605 1086 3662 ad
1108 3601 1193 3664 Voss.
1216 3600 1353 3677 Arist-Vp.
1368 3597 1442 3660 756.

463 3700 638 3763 Nndulns
669 3707 746 3783 apud
779 3716 892 3764 veteres
923 3714 968 3765 est
997 3701 1081 3776 ἅπαξ
1110 3697 1273 3782 λεγόμενον
1300 3698 1443 3761 Hadriani

377 3783 563 3864 imperatoris
583 3786 704 3865 eiusque
726 3791 900 3851 moribundi.
944 3788 1092 3866 Spartiau.
1113 3787 1205 3848 Hadr.
1228 3804 1253 3845 c.
1276 3787 1327 3849 25.
1372 3784 1444 3846 Not·

365 3868 468 3930 'kercs
489 3870 521 3931 S.
536 3872 568 3950 9,
594 3875 620 3931 l.
649 3872 793 3933 hominem
822 3872 1001 3952 paradisi
1028 3872 1207 3933 uudnlntn
1228 3880 1443 3953 commemorat.
1492 3892 1501 3905 ⁸

373 3952 520 4017 'contorta
547 3955 600 4016 illa
628 3954 760 4035 loquendi
789 3958 917 4018 lermnla
945 3966 974 4016 et
1001 3977 1068 4017 cons
1097 3954 1289 4015 adfectatione
1317 3955 1443 4032 quadarn

335 4070 340 4085 ι
376 4038 493 4120 prelata
513 4060 550 4100 ex
566 4058 601 4100 ea
616 4039 890 4102 San-Gallensiorn
903 4042 1063 4103 eruditione
1080 4050 1149 4102 nata
1164 4049 1216 4113 est,
1235 4039 1443 4117 (insomnium,

344 4138 351 4161 ⁴
378 4144 453 4202 ques
481 4127 551 4185 liene
573 4134 677 4185 norant
699 4137 849 4206 poetarum
871 4137 900 4186 et
920 4126 1094 4206 scriptarum
1116 4125 1316 4186 Rornanorum
1337 4125 1444 4185 descu-

377 4208 425 4269 los
451 4228 571 4289 carpere
601 4221 628 4270 et
656 4210 785 4272 delibare
815 4222 844 4272 et
871 4210 903 4271 in
923 4210 1007 4275 lilsris
1030 4211 1094 4274 suis
1114 4210 1266 4276 ostendere
1288 4208 1360 4289 ipsis
1382 4216 1444 4268 erat

363 4293 471 4357 ¹cordi.
705 4348 726 4365 ,,
752 4346 788 4363 ,,

466 4394 601 4473 Opima
624 4394 933 4462 neritonensi.
